3142 4950
627 313 758 376 Ι13

172 535 291 617 Ἔτους
314 526 354 607 T:
378 535 531 626 φαμενωθ
552 526 617 604 RF
641 538 673 604 ἐν
694 536 858 602 Διοσπόλει
884 537 923 622 τῇ
952 535 1075 623 μεγάλη
1098 536 1154 621 τῆς
1182 534 1343 622 Θηβαίδος

172 643 223 707 ἐπὶ
249 642 405 708 Διονυσίου
441 640 637 728 ἀγορανόμου
672 641 727 706 τοῦ
759 643 830 725 περὶ
862 638 973 726 Θήβας
1006 637 1160 705 ἐδάνεισεν
1189 637 1342 725 Ἁροίησις

163 745 254 832 Ὥρω
286 753 347 813 τῶν
379 743 441 810 άπὸ
474 752 530 832 τῆς
561 742 756 822 Διοσπόλεως
787 743 955 830 χολχυτιόν
982 741 1186 827 Ἀσκληπιάδι
1217 745 1257 830 τῇ
1285 745 1341 808 καί

170 849 355 936 Σενιμουδὶν
377 847 492 935 πατρὸς
513 847 656 926 Ποινᾶτος
677 847 813 934 Περσίνη
842 844 920 933 μετά
947 845 1054 931 κυρίου
1077 843 1265 932 Ἁρπαησιος
1285 848 1340 912 τοῦ

169 950 328 1039 χολχότου
360 958 421 1017 τῶν
454 949 516 1016 άπὸ
548 951 604 1036 τῆς
637 948 733 1036 αὐτῆς
765 948 961 1026 Διοσπόλεως
993 949 1202 1034 ἐνταφιαστῶν
1239 952 1339 1036 πυροῦ

170 1052 309 1141 ἀρτάβας
332 1056 430 1120 είκοσι
452 1053 507 1118 δόο
529 1051 624 1140 ἥμισυ
647 1050 795 1130 ἀτόκους.
818 1052 853 1118 τό
876 1053 912 1117 δὲ
934 1051 1053 1119 δάνειον
1080 1059 1171 1119 τοῦτο
1194 1051 1339 1119 ἀποδότω

166 1172 359 1259 Ἀσκληπιάς
376 1171 532 1259 Ἁρσιησει
555 1173 605 1238 ἐπὶ
625 1174 665 1260 τῇ
687 1171 800 1259 παχων
812 1161 852 1239 'A
872 1179 927 1243 τοῦ
950 1171 1045 1238 αὐτοῦ
1063 1162 1145 1253 Tei
1162 1175 1259 1259 πυρόν
1273 1175 1341 1241 νέον

170 1275 315 1363 καθαρόν
360 1276 492 1364 ἄμυλον·
516 1274 585 1343 ἀνθ’
610 1274 651 1342 ὢν
674 1277 795 1363 ἔσχηκε
817 1278 872 1341 καὶ
893 1274 1186 1363 άποκατασιησάτω
1201 1279 1243 1355 είς
1258 1280 1344 1346 οἶκον

170 1380 248 1467 πρὸς
284 1373 376 1448 αὐτὸν
411 1388 474 1457 τοῖς
510 1380 595 1457 ἰδίοις
631 1376 829 1465 άνηλιόμασι.
867 1377 922 1445 ἐάν
954 1381 989 1445 δὲ
1025 1381 1069 1467 μή
1106 1379 1216 1468 ἀποδῷ
1252 1383 1343 1448 καδοὶ
1472 1442 1474 1445 ,

170 1501 355 1587 γέγραπται,
378 1498 571 1565 ἀποτεισάτω
593 1497 629 1564 τό
651 1498 771 1567 δάνειον
792 1497 847 1577 τάς
868 1505 928 1567 τῶν
951 1498 1050 1587 άρταβ
1072 1489 1136 1566 ΚΕ
1154 1517 1182 1570 Δ
1205 1501 1341 1590 ἑκάστης

171 1603 228 1689 την
265 1603 415 1690 ἐσομένην
452 1604 543 1689 ἐντῇ
578 1601 681 1689 άγορᾷ
716 1601 807 1689 τιμὴν
835 1603 1033 1689 παραχρῆμα
1066 1598 1219 1690 ἡμιόλιον.
1253 1605 1274 1693 ἡ
1310 1608 1346 1673 δὲ

170 1707 281 1792 πρᾶξις
308 1709 386 1773 ἔστω
410 1705 566 1793 Ἁρσιησει
589 1706 626 1771 ἐκ
647 1707 707 1774 τῶν
725 1704 953 1793 Ἀσκληπιάδος
974 1709 1029 1770 καὶ
1049 1707 1087 1771 ἐκ
1108 1708 1168 1773 τῶν
1190 1706 1344 1796 ὑπαρχόν-

170 1831 230 1877 των
258 1808 337 1897 αόιη
366 1808 489 1876 πάντων
517 1808 686 1895 πράσσοντι
713 1808 864 1894 καθάπερ
887 1809 924 1895 ἐγ
957 1808 1060 1896 δίκης.
1089 1811 1179 1876 τοῦτο
1207 1810 1235 1876 δ’
1263 1814 1344 1881 ἐστίν

175 1911 210 1977 τό
233 1911 353 1979 δάνειον
375 1910 672 2000 δάνωμολογηοατο
688 1913 772 1999 ἔχειν
786 1910 859 1998 παρ’
876 1910 992 1978 αὐτῶν·
1011 1911 1080 1980 ἀνθ’
1100 1912 1141 1980 ὢν
1152 1914 1344 2002 προιόφειλεν

174 2008 191 2079 ό
222 2016 498 2103 προγεγραμμένος
526 2014 605 2102 αὐτῇ
635 2015 739 2101 παι-ηρ
771 2013 878 2092 Πανάς
910 2016 954 2100 τῷ
975 2017 1030 2081 τοῦ
1048 2015 1220 2104 Ἁρσιησιος
1251 2023 1345 2106 πατρὶ

164 2116 254 2203 Ὥρῳ
280 2120 364 2184 κατά
391 2118 580 2205 συμβόλαιον
602 2117 772 2204 Αίγύπτιον
794 2116 893 2205 άρταβ
915 2107 973 2185 ΙΔ.
1004 2119 1197 2207 Πτολεμαῖος
1219 2120 1237 2187 ὁ
1258 2125 1346 2210 παρὰ

170 2221 330 2288 Διονυσίου
351 2221 583 2311 κεχρημάτικοι.
1244 2304 1246 2307 ¹

128 2326 207 2392 Oum
239 2333 333 2413 pater
370 2327 510 2394 feminae
543 2331 687 2392 mortuus
711 2324 870 2409 videatur,
903 2324 1082 2412 Harpaesis
1114 2333 1240 2413 patrem
1267 2329 1343 2398 ideo

127 2449 191 2495 non
213 2430 372 2497 nominari
394 2430 481 2514 quod
496 2429 547 2496 his
568 2430 727 2496 Panatem
749 2428 917 2495 nominare
938 2429 1047 2495 seriha
1060 2430 1208 2497 noluerit.
1237 2433 1345 2518 Negat

127 2553 222 2618 porro
244 2539 377 2619 nuptam
400 2533 630 2618 Asclepiadem
653 2551 725 2600 esse
747 2533 781 2618 (p
807 2534 870 2617 19),
904 2532 990 2615 quod
1016 2534 1050 2598 in
1077 2534 1193 2601 litteris
1215 2558 1345 2605 aeoura-

128 2635 262 2702 tissimis
284 2636 364 2701 nihil
387 2643 589 2703 memoretur.
632 2638 675 2701 At
703 2636 856 2703 omissum
882 2636 986 2721 patris
1013 2657 1139 2722 nomen,
1168 2640 1255 2721 quod
1282 2642 1344 2708 hoe

127 2738 199 2804 loeo
224 2739 343 2805 nullius
371 2740 524 2807 momenti
551 2746 612 2806 est:
647 2737 727 2804 nihil
760 2745 869 2805 autem
896 2739 1033 2824 impedit
1066 2740 1144 2823 quin
1170 2741 1342 2828 Asclepios

126 2848 228 2927 nupta
250 2850 282 2907 et
304 2844 438 2909 maritus
460 2844 529 2909 eius
551 2841 730 2927 Harpaesis
751 2841 926 2926 habeatur,
960 2841 1043 2908 sieut
1064 2832 1242 2911 scholiasta
1264 2845 1344 2912 dicit

126 2944 197 3011 ille:
237 2939 259 3032 ἠ
292 2946 378 3012 δεῖνα
410 2948 466 3011 καί
499 2943 516 3011 ό
548 2943 654 3030 κύριος
685 2937 765 3010 τοῦτ’
800 2945 880 3010 ἔστιν
913 2938 929 3008 ό
963 2942 1052 3031 ἀνήρ.
1103 2946 1201 3011 Aliud
1234 2948 1343 3013 obstat

128 3046 312 3114 Gaillemeri
346 3051 535 3115 sententiae.
578 3050 663 3116 Nam
695 3047 724 3113 si
755 3048 857 3113 frater
888 3048 1067 3133 Harpaesis
1099 3055 1246 3135 putatur,
1278 3071 1341 3133 quo
1386 3049 1393 3070 ¹

126 3156 223 3234 paeto
253 3149 289 3215 fit
316 3158 352 3218 ut
378 3151 550 3237 Asclepios
577 3150 680 3236 patris
708 3169 766 3216 aes
794 3149 936 3215 alienum
963 3151 1136 3217 exsolvat?
1178 3153 1250 3219 Hoo
1277 3174 1342 3220 non

127 3251 260 3337 faceret,
282 3253 345 3319 uisi
367 3254 474 3320 nullus
497 3254 527 3320 ei
549 3253 659 3338 frater,
682 3253 756 3337 ipsa
777 3258 887 3319 autem
907 3253 1011 3339 patris
1033 3254 1125 3322 heres
1147 3263 1241 3324 esset.
1256 3257 1277 3341 ¹)

519 3544 656 3641 Pars
686 3545 953 3670 specialis,

311 3719 347 3802 Ι.
399 3722 463 3804 Ite
489 3720 592 3804 iure
619 3722 738 3824 quod
764 3722 822 3805 ad
848 3742 922 3805 res
948 3720 1158 3823 pertinet.

214 3873 350 3940 Omnino
373 3874 453 3941 nihil
468 3875 602 3942 dominii
623 3878 738 3943 mulier
759 3877 881 3944 habere
895 3883 1003 3962 potest
1025 3877 1114 3961 apud
1129 3876 1227 3945 Indos
1242 3848 1344 3946 solos:

129 3975 361 4042 Germanorum
383 3976 679 4061 quidem‘veterum
700 3981 772 4047 iura
794 3980 958 4063 infundis
985 3980 1108 4045 malunt
1136 3981 1213 4047 viris
1247 4002 1345 4065 quam

129 4077 266 4143 feminis.
316 4080 423 4147 Causa
455 4081 582 4148 videtur
616 4083 729 4150 similis
756 4091 854 4168 atque
882 4084 941 4149 illa
969 4083 1010 4149 de
1043 4103 1107 4165 qua
1135 4086 1297 4168 peregrini
1325 4108 1345 4153 a

216 4249 237 4310 1)
273 4249 371 4305 Verba
393 4251 470 4304 τοῦτο
492 4249 512 4305 δ’
538 4257 606 4307 ἐστίν
623 4270 677 4324 sqq
701 4253 849 4310 caillemer
867 4255 958 4310 minus
976 4257 1056 4309 reete
1073 4255 1175 4310 vertit:
1212 4256 1281 4326 „Tel
1300 4262 1346 4312 est

128 4336 155 4390 le
180 4337 245 4405 pret
272 4338 342 4393 dont
359 4338 522 4396 l’sxistenoe
549 4357 567 4396 a
589 4345 635 4398 ete
658 4357 799 4398 reconnue
821 4358 874 4412 par
890 4343 933 4396 les
950 4341 1086 4410 μετίίυεέί
1105 4372 1137 4381 —-
1156 4344 1345 4398 vertendum:
