3142 4950
619 333 822 431 Aa„

114 542 198 608 sicut
231 541 390 607 interdum
423 547 535 609 atcta
567 541 692 607 familia
725 541 814 607 facta
848 542 1047 609 consecratio
1081 539 1223 623 dicatur,
1257 559 1329 604 cum

117 665 210 711 nemo
244 652 389 730 sumptus
422 646 485 712 nisi
517 650 611 731 pater
643 645 786 711 familias
814 646 938 711 toleret.
994 646 1173 731 Spartanus
1201 641 1331 727 quidem

112 749 224 814 titulus
247 755 368 818 exstat:

150 867 352 955 Ἀριστοκλῆς
385 868 463 959 μετὰ
495 869 551 954 τῆς
583 868 726 954 γυναικὸς
752 871 807 933 καί
834 869 895 934 τῶν
921 868 1036 935 τέκνων
1064 866 1156 954 Τύχῃ
1175 865 1328 952 Ἐπηκὸιρ

153 969 206 1038 τὸν
229 972 332 1060 βωμὸν
355 971 512 1054 ἀνέθηκεν
525 973 557 1057 ¹),

114 1113 252 1177 quocum
275 1093 372 1160 facile
395 1098 622 1179 comparantur
644 1093 848 1160 Orchomenii
871 1095 934 1161 duc
958 1094 1241 1161 manumissionum
1254 1093 1292 1177 2);

159 1214 358 1280 ἀνατιθέασιν
397 1212 561 1299 Ἱεροκλῆς
602 1213 756 1299 Πυθίνου,
790 1214 971 1281 Ἀνθιιττῖνοι
1006 1213 1236 1301 Καρισοδυίρου
1275 1217 1330 1280 καί

155 1316 299 1383 Σώνλεια
317 1315 522 1404 Ἱεροκλέους,

156 1419 307 1488 ἀντίθεντι
330 1442 468 1501 ·····ος
489 1420 690 1507 Δαροιιλίδαο
712 1419 755 1506 aq
774 1414 948 1508 Ἱππαρέτα
961 1442 1052 1458 ·····
1065 1421 1108 1507 τιὴ
1130 1420 1328 1507 Δαμοκλίδας

155 1524 198 1612 τιή
221 1524 387 1603 Φιλοκλεῖς
408 1522 451 1611 αὴ
474 1522 677 1611 Τιμονράτεις
689 1545 780 1559 ·····

17 1632 18 1639 ί
119 1647 162 1712 Ut
183 1646 217 1711 in
244 1646 295 1712 his
328 1645 487 1712 immerito
520 1645 644 1711 familia
677 1643 804 1711 dicatur
831 1651 900 1712 tcta
928 1682 970 1693 -
998 1664 1103 1728 neque
1131 1646 1217 1709 enim
1243 1645 1331 1710 filiae

113 1749 230 1833 virgini
251 1750 424 1835 superstite
446 1754 616 1835 parentum
638 1754 773 1830 utroque
795 1748 863 1814 ullo
885 1752 981 1833 pacto
996 1747 1127 1833 propria
1149 1752 1257 1832 potest
1279 1767 1331 1814 res

17 1848 18 1863 ¹
113 1852 284 1918 familiaris
307 1872 378 1918 esse
400 1889 443 1900 -
464 1858 572 1918 tamen
593 1852 701 1917 verbis
723 1852 887 1917 titulorum
911 1849 1195 1935 Chaeronensis³):

157 1972 292 2058 Κράτων
309 1972 442 2059 Ἀμινίου
464 1975 519 2036 καί
539 1968 659 2058 Εὕγίτα
680 1970 855 2056 Νικαρέτου
878 1970 1178 2057 συνευοιρεστοιίντων
1199 1970 1330 2036 καὶτῶν

157 2077 229 2142 υἱῶν
252 2073 459 2160 ἀνατιθέασιν,

17 2238 18 2267 ρ
115 2186 147 2245 et
168 2179 319 2265 Delphici
330 2180 368 2262 ⁴):

156 2299 342 2385 Σαραπείων
368 2299 423 2365 τοῦ
441 2296 613 2385 Ἐμμενίδα
639 2301 694 2364 καί
718 2290 739 2385 ἠ
762 2297 840 2384 γυνὴ
870 2292 965 2362 αὐτοῦ
994 2296 1248 2376 συνευδοκέοντυς
1275 2300 1330 2362 acl

157 2405 211 2468 τοῦ
233 2404 299 2468 υίοῦ
322 2397 423 2469 αὐτῶν
445 2401 654 2489 Τιμοθέωνος,

116 2529 180 2575 non
202 2507 338 2574 eandem
361 2527 489 2592 semper
504 2526 575 2573 esse
591 2527 658 2572 rem
681 2507 913 2591 cognoscimus.
956 2504 1092 2572 Accedit
1114 2505 1200 2588 quod
1214 2508 1249 2571 in
1266 2506 1330 2572 alic

116 2611 333 2678 Chaeronensi
363 2611 457 2677 titulo
485 2629 621 2677 aservc
649 2611 757 2676 mariti
785 2608 958 2694 diligenter
985 2610 1013 2674 is
1042 2609 1249 2695 distinguitur
1275 2610 1330 2692 qui

16 2723 17 2790 l
117 2715 285 2798 coniugum
308 2715 474 2781 amborum
496 2714 538 2780 sit
551 2715 588 2795 ⁵):

16 2831 17 2846 ¹
158 2834 246 2901 Θέων
268 2834 424 2900 Διονυσίου
446 2836 501 2899 οιαὶ
520 2832 667 2920 Ἀθηναίς
688 2831 821 2910 Φάωνος
850 2838 1067 2910 κατοικοῦντες
1093 2832 1128 2919 ἐγ
1153 2832 1331 2919 Χαιρωνείᾳ

158 2937 321 3025 ἀνέθηκαν
342 2939 398 3023 τήν
421 2938 498 3004 ἰδίαν
519 2936 661 3023 θρεπτιίν
682 2934 843 3003 Διονυσίοιν
865 2933 949 3021 ίεράν
971 2937 1009 3021 τῇ
1032 2936 1136 3021 Μητρί
1156 2936 1217 3002 τῶν
1246 2936 1331 3001 θεων

156 3043 392 3129 παραμείνασαν
430 3041 549 3118 ἑαυτοῖς
588 3042 647 3117 ἕως
690 3038 727 3104 ἀν
763 3039 855 3118 ζῶσιν
899 3031 1105 3123 ἀνενιιλήτως.
1147 3037 1212 3102 Καὶ
1243 3036 1332 3103 Θέων

156 3145 313 3211 Διονυσίου
326 3142 492 3230 ἀνατίθησι
502 3144 554 3210 τὸν
564 3144 641 3209 ἴδιον
656 3142 768 3208 δοῦλον
777 3141 930 3227 Κέρδωνα
943 3135 1086 3220 ὠςαιίτως
1099 3141 1331 3228 παραμείναντα

158 3250 258 3334 ἑαυτῷ
292 3270 326 3313 τε
358 3249 413 3311 οιαὶ
440 3243 605 3332 Ἀθηναίδι
638 3248 696 3323 ἕως
728 3246 804 3324 ζῶσι
843 3243 1054 3331 ἀνεντιλήτως,
1093 3245 1150 3331 τήν
1182 3237 1330 3310 ἀνάθεσιν

160 3351 337 3438 ποιούμενοι
359 3350 410 3415 διά
431 3351 486 3415 τοῦ
508 3349 667 3434 συνεδρίου
689 3347 772 3413 κοιτά
793 3349 846 3416 τὸν
866 3347 973 3434 νόμονε

115 3545 317 3552 -.,.-.-.-.-..

208 3669 228 3738 1)
264 3669 305 3724 Le
322 3670 380 3724 Bas
399 3669 423 3722 8ο
440 3668 642 3739 Waddingtcm
661 3668 725 3740 Meg
744 3674 774 3724 et
792 3669 880 3737 Pclcp
900 3668 958 3722 163.

203 3756 226 3824 ²)
262 3757 326 3811 Bull
344 3757 379 3810 de
398 3772 462 3811 corr
479 3755 535 3810 hell
554 3756 630 3826 1884,
647 3772 667 3824 p
685 3757 719 3810 72
738 3760 767 3810 et
785 3756 828 3809 74.

203 3844 224 3910 8)
261 3841 462 3914 611ς1608ξ.

204 3932 227 3999 ⁴)
263 3930 409 4000 Rangabe,
426 3930 534 4000 Antiqu
552 3928 643 3984 hellen
661 3931 696 3998 11,
714 3929 775 3983 904.

203 4018 224 4085 5)
260 4018 324 4072 Bull
341 4018 377 4071 de
400 4033 466 4072 corr
483 4016 539 4071 hell
558 4015 633 4084 1884,
651 4016 693 4069 66.
729 4015 812 4079 Quod
830 4017 858 4070 in
877 4016 967 4071 altera
984 4021 1066 4084 parte
1084 4015 1159 4069 tituli
1171 4016 1247 4084 apud
1260 4016 1332 4070 duos

117 4104 287 4175 aliquamdiu
321 4117 467 4159 remanere
503 4119 588 4157 servo
618 4103 787 4172 imperatur,
822 4103 924 4158 nullius
953 4103 1086 4156 momenti
1113 4107 1157 4157 est
1186 4103 1266 4157 velut
1296 4102 1334 4158 CI

119 4192 211 4263 16082
228 4192 369 4261 mancipia
391 4191 427 4246 ab
454 4206 543 4246 uxore
567 4191 707 4245 Boeotica
725 4205 809 4245 manu
827 4191 914 4245 missa
932 4190 1007 4258 apud
1025 4189 1119 4243 aviam
1138 4189 1198 4244 eius
1217 4205 1330 4244 manere

115 4278 259 4333 iubentur:
280 4277 323 4333 cfr
341 4278 376 4332 de
395 4276 539 4347 Delphicis
558 4276 640 4334 huius
658 4277 734 4332 modi
752 4277 878 4332 moribus
891 4277 1024 4346 Fcucart,
1036 4276 1109 4332 Mem
1122 4292 1172 4333 sur
1184 4275 1330 4332 l'affranch

116 4381 135 4434 p
152 4366 187 4419 23
205 4381 267 4435 sqq.
