3142 4950
723 304 763 375 21

641 399 843 409 n—..-—-—

135 515 223 582 enim
251 517 396 585 accurati
429 518 601 603 quicquam
636 524 762 585 constat
790 516 833 583 de
865 524 1010 605 tempore
1035 555 1079 566 —-
1105 517 1259 586 fideiubet
1291 538 1351 606 pro

132 620 277 686 Dorione
300 621 474 707 publicano
489 623 527 704 ¹):
550 628 647 705 atque
669 641 741 687 oum
763 640 824 687 nec
845 620 902 687 ille
922 622 1049 689 solvere
1069 642 1130 688 nec
1151 623 1224 709 ipsa
1238 624 1350 708 possit,

5 786 7 791 ⁴
132 722 210 790 Zols
248 723 316 791 filia
355 731 507 812 suscepta
549 725 662 792 matris
697 724 905 791 fideiussione
940 724 1068 791 hortum
1104 727 1350 812 oppignoratum

132 826 282 912 possidit,
311 848 384 894 cum
411 836 515 897 mater
535 849 572 896 se
604 826 829 914 expedituram
861 827 1063 913 polliceatur,
1097 829 1350 912 quantominus

131 930 271 1014 pretium
293 932 378 999 horti
399 932 451 999 sit.
495 932 599 1010 Quem
621 933 680 1000 sub
702 933 800 998 hasta
820 931 986 999 venditum
1007 932 1083 999 Zol's
1106 953 1178 999 oum
1200 932 1350 1018 retineat,

132 1052 206 1099 seso
238 1040 274 1100 ut
310 1035 447 1120 singulis
482 1037 692 1122 pensionibus
725 1037 874 1103 exsolvat
905 1036 1075 1123 pecuniam
1113 1036 1246 1119 obligat.
1301 1037 1350 1104 Ao

133 1136 262 1204 solutae
294 1139 467 1224 pensiones
500 1146 726 1207 memorantur.
770 1138 900 1205 Tutoris
932 1138 1023 1205 nulla
1055 1138 1175 1205 mentio
1207 1137 1253 1224 fit,
1287 1139 1349 1204 nisi

131 1238 217 1305 forte
239 1240 272 1306 in
294 1248 440 1309 extrema
460 1250 554 1330 parte
575 1243 734 1326 mutilata,
757 1262 855 1325 quam
876 1243 1004 1327 Peyron
1025 1242 1073 1309 ita
1094 1243 1189 1326 legit:

175 1358 359 1445 Χρυσιππος
381 1363 542 1428 saccellos
564 1360 668 1448 χὸυαλ
694 1362 772 1427 κδυο
794 1384 896 1439 rems
917 1384 1102 1428 τεσσακοσει
1125 1363 1219 1444 ····s
1233 1383 1255 1426 κ
1276 1360 1344 1449 β’Δ

177 1470 588 1570 υκῆΐὶλαφαρμουῖ.

131 1589 166 1647 et
187 1583 234 1650 ita
255 1585 370 1652 Italice
391 1588 502 1653 vertit:

176 1706 233 1789 „Io
261 1705 410 1792 Grisippo
433 1711 648 1773 aeconsento:
676 1707 711 1770 in
738 1724 828 1772 rame
856 1705 1070 1792 permutabile
1097 1704 1212 1771 talenti
1245 1702 1309 1771 due
1332 1724 1350 1770 e

176 1805 308 1874 dracme
330 1810 548 1892 quattromille
571 1814 794 1893 quattrocento
816 1809 968 1895 ventisoi,
1003 1807 1075 1875 dico
1104 1809 1152 1874 tal
1173 1808 1204 1893 2,
1232 1805 1348 1894 4426}

175 1909 268 1977 Anno
291 1912 343 1978 31.
386 1912 532 1979 Farmuti
553 1912 605 1977 6.“

131 2012 196 2078 nisi
217 2014 300 2081 forte
322 2015 355 2080 in
377 2016 439 2082 hoc
460 2021 554 2101 parto
576 2020 662 2081 tutor
683 2013 922 2099 intellegendus
944 2014 1014 2081 erit.
1059 2012 1125 2079 Sed
1145 2013 1237 2079 illam
1251 2035 1349 2080 unam

95 2136 100 2141 ·
130 2118 174 2184 ob
200 2138 332 2184 causam
354 2118 533 2185 fideiubere
554 2118 706 2184 mulieres
727 2119 832 2184 vetari
855 2124 1116 2201 consentaneum,
1138 2117 1226 2200 quod
1245 2117 1349 2183 levius

3 2292 6 2295 ,
131 2239 232 2306 saepe
244 2222 353 2305 magni
368 2222 493 2305 aliquid
507 2221 673 2308 pollicitae
688 2221 841 2287 damnum
856 2221 919 2288 sibi
929 2221 1081 2306 inferant,
1103 2241 1176 2286 cum
1190 2221 1348 2309 promisso

131 2329 219 2389 stare
242 2331 408 2407 cogantur.
452 2326 538 2391 Tolli
560 2324 622 2390 hoc
655 2331 712 2390 aut
744 2324 846 2401 minui
872 2324 1051 2411 periculum
1083 2344 1189 2390 nonne
1211 2323 1348 2406 videtur,

132 2426 160 2493 si
192 2427 290 2493 tutori
322 2428 365 2494 sit
397 2429 573 2496 auctoritas
606 2427 866 2514 interponenda?
916 2427 1009 2506 Quae
1042 2450 1114 2496 cum
1147 2429 1194 2495 ita
1227 2447 1278 2494 res
1313 2446 1349 2493 se

130 2529 269 2614 habeat,
303 2532 497 2598 contendere
529 2531 634 2599 audeo
664 2531 812 2598 omnibus
844 2532 878 2595 in
910 2532 1095 2599 civitatibus
1128 2532 1262 2598 Graecis
1290 2551 1349 2616 per

131 2632 222 2717 leges
254 2633 507 2720 fidepromittere
540 2635 668 2702 feminis
689 2634 836 2717 licuisse,
875 2633 922 2701 ita
960 2644 1068 2702 tamen
1101 2642 1136 2700 ut
1169 2635 1347 2701 auctoritas

130 2737 246 2803 tutoris
268 2736 320 2803 hic
341 2758 469 2823 quoque
490 2740 715 2822 requireretur.

276 3032 310 3101 Β.
339 3033 384 3102 lte
406 3032 545 3119 necotlls
567 3050 649 3119 uuae
671 3049 743 3102 eum
766 3033 828 3103 dlis
850 3033 891 3104 ab
915 3033 1094 3140 bominibus
1115 3031 1205 3102 tant.

480 3176 513 3245 1.
568 3171 633 3246 De
660 3173 996 3248 consecrando.

216 3326 279 3389 Pro
301 3324 341 3390 iis
363 3344 448 3407 quae
470 3324 564 3391 modo
587 3324 728 3394 diximus
743 3328 886 3395 dubitari
899 3348 963 3393 non
978 3328 1106 3413 poterit,
1128 3328 1205 3410 quin
1219 3329 1346 3395 mulieri

131 3447 172 3493 ne
195 3427 317 3494 donaro
339 3427 469 3510 quidem
490 3428 589 3495 liceat
611 3429 681 3496 sine
702 3430 818 3497 tutoris
840 3430 1033 3497 auctoritate
1055 3450 1115 3496 nec
1149 3431 1345 3499 interrivos

129 3549 190 3597 neo
211 3531 323 3596 mortis
346 3530 496 3617 causa²):
533 3552 660 3619 semper
698 3534 783 3599 enim
816 3534 903 3600 idem
935 3533 1112 3598 timendum
1145 3541 1178 3599 et
1205 3535 1345 3600 maximo

131 3633 263 3716 quidem
284 3654 382 3719 opere
405 3633 455 3701 his
475 3634 508 3699 in
523 3637 620 3701 rebus
635 3655 676 3701 ne
690 3642 726 3701 ut
740 3643 791 3702 est
804 3635 931 3701 infirma
945 3636 1093 3722 capiatur
1107 3638 1149 3702 ab
1165 3637 1347 3703 hominibus

130 3737 272 3803 blandis.
315 3738 468 3804 Attamen
491 3738 541 3805 dis
566 3740 802 3807 immortalibus
825 3745 858 3805 et
878 3738 1077 3824 temporibus
1100 3745 1132 3804 et
1146 3739 1227 3805 locis
1249 3741 1348 3806 omni-

128 3841 190 3907 bus
213 3860 271 3905 suo
293 3839 362 3907 iure
384 3842 643 3908 consecrationes
658 3842 799 3907 feminae
813 3842 922 3907 facere
936 3840 1096 3907 videntur.
1140 3841 1248 3908 Causa
1262 3863 1347 3925 quae

130 3944 172 4010 sit
194 3942 281 4009 haud
304 3941 438 4010 difficile
459 3945 670 4028 intellegitur:
694 3965 765 4011 cum
789 3945 917 4010 omnino
939 3944 971 4009 in
1000 3945 1097 4010 rebus
1129 3945 1231 4010 saeris
1264 3965 1348 4011 com·

129 4135 332 4148 ....-...-...-

218 4243 243 4313 1)
279 4245 306 4300 A
323 4245 447 4315 Peyron,
464 4244 562 4313 Papiri
579 4244 759 4315 droco-egini
776 4246 806 4300 di
823 4245 920 4313 Zoldo,
938 4244 1046 4298 ‘lorino
1068 4242 1142 4299 1828.

215 4334 242 4400 ²)
276 4333 321 4388 De
338 4332 516 4387 testamentis
533 4332 679 4388 mulierum
697 4330 772 4388 infra
790 4332 856 4387 vide
874 4348 892 4400 p
912 4333 954 4385 52.
