3142 4950
635 333 838 431 ,ν-

133 541 242 608 dotem
264 541 478 628 oppignorati,
501 547 533 606 et
555 561 635 606 uxor
657 546 689 606 et
710 540 822 625 kyrios
844 539 901 605 ille
923 539 964 605 de
985 540 1055 605 iure
1077 560 1135 607 suo
1157 539 1285 606 cedunt.
1305 577 1348 587 -

130 644 252 731 Ephesi
273 664 502 727 nonnunquam
535 643 673 709 divortio
705 644 792 709 facto
826 643 934 709 dotem
967 664 1008 708 ex
1034 644 1107 726 lege
1135 664 1197 710 non
1223 643 1349 708 restitui

133 748 286 815 docemur
307 748 391 813 tituli
405 747 428 834 ¹)
450 767 545 813 versu
568 747 624 812 59:
653 745 675 830 ἢ
697 746 852 834 γήμαντες
874 749 928 811 καὶ
950 746 1148 824 διαλυθέντες
1170 747 1213 833 μή
1237 745 1348 811 ἀποδε-

131 848 250 916 δώκασι
271 849 326 929 τὰς
359 849 472 936 φερνὰς
505 844 599 928 οὔσας
632 843 805 928 ἀποδότους
831 851 914 915 κατὰ
941 848 993 917 τὸν
1020 849 1122 937 νόμον.
1172 851 1262 916 Sicut
1288 849 1347 915 dos

129 953 299 1021 adulterae
327 975 391 1021 non
418 953 605 1037 restituitur,
635 954 682 1018 olr
709 954 779 1019 Ach
801 955 865 1019 'lat
886 954 974 1038 VIII,
997 958 1033 1019 8:
1062 952 1205 1038 δεύτερος
1226 955 1262 1018 δὲ
1283 954 1348 1017 ἔστι

129 1079 180 1145 μοι
201 1057 279 1142 πρὸς
300 1056 454 1141 Μελίττην
476 1055 616 1142 μοιχείας
638 1054 722 1143 ἀγών
743 1057 812 1123 κτλ.
827 1056 882 1122 Ἂν
903 1057 1002 1123 τοίνυν
1023 1056 1195 1122 τούναντίον
1218 1057 1251 1138 ti.
1269 1075 1296 1120 e.
1320 1054 1347 1120 si

129 1159 381 1245 condemnetur),
409 1158 465 1244 τὴν
494 1161 548 1245 μὲν
569 1159 653 1224 κατὰ
674 1158 726 1225 τὸν
752 1158 845 1247 νόμον
868 1158 1017 1245 ἀφεῖσθαι
1038 1161 1094 1245 τῆς
1118 1159 1247 1245 προικὸς
1268 1159 1348 1244 φημί

129 1264 191 1329 δεῖν
215 1264 292 1350 ἐμοί,
314 1264 366 1329 τὸν
394 1265 430 1327 δὲ
451 1260 600 1350 ὑποσχεῖν
621 1261 678 1350 τήν
693 1261 895 1349 ὀφειλομένην
910 1272 972 1340 τοῖς
995 1272 1114 1349 μοιχοῖς
1135 1262 1290 1349 τιμωρίαν.
1306 1298 1347 1308 -

130 1368 168 1432 In
184 1372 378 1434 testamento
393 1367 599 1433 Aristotelieo
613 1366 636 1450 ²)
659 1367 777 1451 legitur
792 1367 946 1452 scriptum
960 1373 996 1431 ut
1012 1365 1196 1452 Herpyllidi
1211 1385 1347 1449 quoque,

132 1489 271 1554 quacum
293 1471 420 1536 vixerat
441 1469 663 1555 philosophus,
686 1476 808 1535 tutores
830 1470 1052 1555 prospicerent
1074 1475 1106 1534 et
1128 1470 1285 1536 Nicanor:
1308 1489 1348 1533 ac

130 1573 159 1639 si
180 1580 321 1660 nuptura
343 1574 458 1639 iterum
481 1578 577 1656 esset,
612 1571 670 1637 dos
693 1570 825 1638 daretur
852 1572 1008 1638 talentum
1042 1573 1168 1655 argenti
1196 1592 1237 1637 ex
1258 1570 1348 1636 here·

129 1676 232 1743 ditate
255 1698 326 1743 cum
349 1677 451 1742 tribus
474 1675 600 1742 ancillis
623 1682 655 1740 et
669 1676 779 1761 pueris
802 1675 941 1742 duobus:
964 1682 1135 1761 praeterea
1150 1676 1177 1740 si
1194 1674 1349 1741 Chalcide

129 1781 228 1846 vellet
250 1780 408 1865 hahitare,
430 1801 502 1846 cum
524 1780 616 1845 horto
639 1779 833 1863 aedificium,
856 1779 905 1844 sin
928 1785 1036 1844 autem
1051 1778 1211 1862 Stagirae,
1234 1777 1349 1843 domus

130 1885 238 1969 patria
270 1884 427 1950 instructa
455 1884 541 1950 omni
570 1882 797 1968 suppellectili.
847 1882 913 1948 Sed
939 1883 1036 1948 istam
1064 1902 1136 1947 cum
1157 1882 1348 1947 Aristoteles

136 1986 268 2052 duceret
296 1987 442 2053 dotatam
469 1986 569 2052 fuisse
592 1987 722 2051 minime
751 1991 891 2070 constat,
919 2006 1003 2070 quae
1035 1986 1215 2052 concubina
1241 1985 1348 2070 potius

130 2089 305 2173 viderurq:
333 2090 472 2175 patriam
495 2089 585 2154 illam
609 2088 737 2155 domum
761 2110 781 2153 a
803 2095 897 2174 patre
919 2110 977 2155 suo
999 2089 1190 2155 Aristoteles
1212 2089 1347 2174 accepit.

131 2191 268 2258 Accedit
290 2192 438 2275 quodne
460 2192 521 2257 hoc
543 2191 673 2275 quidem
695 2191 852 2258 hahemus
875 2193 1087 2277 exploratum,
1116 2192 1161 2257 ad
1189 2192 1279 2257 cuius
1302 2191 1348 2257 rei

131 2295 283 2380 publicae
304 2296 355 2362 ius
369 2301 596 2361 testamentum
612 2293 815 2360 referendum
832 2295 888 2360 sit:
911 2317 986 2362 nam
1009 2302 1042 2362 et
1056 2296 1207 2378 Stagirae
1219 2295 1346 2381 patriae

130 2399 277 2464 coloniae
300 2397 522 2466 Chalcidensis
556 2398 658 2464 civem
679 2396 886 2463 Aristotelem
919 2398 1018 2464 fuisse
1051 2406 1160 2463 notum
1183 2404 1216 2463 et
1244 2398 1346 2484 ipsius

130 2502 304 2586 Chalcidis,
326 2503 525 2567 Athenarum
547 2522 611 2567 non
632 2501 688 2567 ita.
713 2536 753 2548 -
775 2501 815 2565 In
838 2503 985 2587 Aegypto
1009 2521 1080 2568 cum
1103 2508 1179 2567 ante
1200 2508 1348 2587 tempora

130 2603 342 2671 Macedonum
366 2605 497 2671 liberior
519 2612 604 2671 esset
625 2604 792 2669 mulierem
820 2604 967 2671 condicio
990 2604 1094 2671 civilis
1116 2605 1276 2688 universa,
1305 2605 1347 2669 ab

132 2708 234 2774 altero
257 2707 333 2772 inde
356 2709 486 2774 saeculo
519 2708 570 2774 ius
598 2705 720 2773 dotium
748 2707 796 2771 ita
817 2706 1013 2791 immutatur,
1042 2714 1077 2772 ut
1105 2729 1126 2772 a
1148 2706 1263 2772 marito
1287 2705 1346 2771 dos

132 2811 383 2894 administretur,
412 2811 474 2877 etsi
503 2812 634 2896 propria
661 2809 771 2876 uxoris
799 2818 917 2877 manet.
972 2812 1009 2876 ln
1031 2811 1162 2876 tabellis
1184 2810 1348 2875 dotalibus

130 2916 219 2982 illius
241 2914 431 3000 temporis⁴l
454 2917 608 3001 scriptum
630 2915 810 2981 invenimus
832 2921 868 2979 ut
882 2914 1016 2980 maritus
1038 2915 1066 2980 si
1081 2914 1188 2980 officia
1210 2934 1269 2978 sua
1284 2933 1348 2977 non

131 3025 313 3104 praestaret
335 3018 420 3084 dotis
442 3038 599 3083 summam
615 3017 845 3099 dimidiamque
861 3017 1031 3083 redderet:
1054 3023 1244 3083 nontamen
1265 3036 1347 3081 uxor

131 3122 249 3188 dieitur
271 3123 313 3187 ab
336 3141 375 3187 eo
398 3121 590 3186 discessura.
635 3121 728 3185 Anno
751 3120 799 3204 pC
813 3120 960 3186 LXVIII.
982 3127 1171 3206 procurator
1183 3121 1346 3186 Romanus

129 3230 286 3290 renovata
307 3225 380 3307 lege
402 3224 570 3307 Augustea
603 3222 705 3288 edixit
732 3229 767 3288 ut
797 3221 856 3289 dos
878 3224 1046 3290 mulierum
1068 3224 1303 3309 Aegyptiarum
1327 3244 1347 3288 a

131 3329 319 3394 maritorum
342 3326 555 3393 creditoribus
577 3332 648 3392 tuta
670 3332 755 3392 esset
767 3326 800 3407 ⁶).

215 3534 418 3601 Matrimonia
451 3533 531 3599 inito
564 3534 723 3599 retinetne
761 3533 876 3599 mulier
909 3552 976 3598 rem
1005 3554 1096 3600 suam
1130 3534 1347 3601 familiarem?

130 3644 279 3722 potestne
302 3637 364 3702 sihi
385 3637 449 3722 ipsi
472 3636 595 3720 aliquid
611 3637 800 3720 acquirere?
823 3637 974 3702 Primitus
997 3639 1176 3705 communio
1191 3638 1346 3705 bonorum

128 3780 331 3788 ..ww—«00..-

216 3844 236 3913 1)
273 3844 482 3913 Dittenherger,
501 3842 561 3914 Syll
579 3844 638 3898 344.
657 3873 691 3883 —
710 3844 732 3911 ²)
767 3844 844 3913 Diog
861 3845 948 3898 Laert
965 3845 1001 3914 V,
1020 3847 1060 3899 ll.

218 3932 239 3999 ³)
274 3930 340 3985 Alia
362 3937 406 3985 est
429 3931 571 3986 sententia
592 3930 720 3986 Brunsii:
744 3932 798 3985 Die
822 3932 894 3985 Test
912 3932 931 3985 d
948 3931 1045 4001 griech
1062 3930 1172 3993 Philon,
1196 3929 1309 3984 Zeitsch
1327 3930 1344 3985 d

129 4016 340 4088 savigny-Stift
357 4012 430 4072 Rom
448 4018 508 4072 Abt
529 4018 551 4086 I,
575 4019 590 4071 1
614 4033 676 4086 sqq.
700 4016 743 4071 cfr
766 4016 889 4087 Schnlin,
912 4020 973 4072 Das
991 4017 1088 4087 griech
1106 4018 1178 4071 Test
1196 4017 1277 4086 vergi
1295 4016 1346 4071 mit

130 4106 227 4160 drorn
245 4122 263 4174 p
282 4104 315 4157 27
335 4108 364 4158 et
381 4103 492 4174 infrap
512 4106 553 4159 61.

214 4192 236 4261 ⁴)
272 4192 389 4248 Netinos
416 4196 445 4246 et
469 4192 587 4246 extraits
608 4191 714 4258 XVIII,
737 4192 796 4248 2N
822 4192 867 4246 13:
888 4193 935 4245 ἐὰν
958 4195 989 4243 δὲ
1013 4192 1047 4258 μὴ
1072 4191 1161 4259 ποήσῃ
1184 4189 1283 4243 καθότι
1300 4193 1343 4256 γέ-

128 4297 253 4347 γραπται,
272 4275 401 4332 ἀποτίνειν
420 4274 499 4332 αὐτὸν
517 4279 565 4347 τὴν
583 4279 681 4347 φερνήν
700 4282 868 4347 παραχρῆμα
886 4280 930 4331 οὐν
948 4278 980 4346 τῇ
998 4276 1116 4347 ἡμιολίᾳ.

218 4366 237 4436 ³)
272 4366 404 4437 Dareste,
422 4365 514 4421 Journ
533 4366 584 4420 der
603 4380 657 4421 sav
677 4364 752 4436 1883,
770 4383 790 4435 p
810 4367 867 4419 170.
