3142 4950
607 320 809 424 mmuna..

103 556 185 622 quae
221 536 263 605 de
298 539 461 623 germanis
498 536 586 604 haud
626 535 770 603 eiusdem
809 554 906 601 sexus
939 533 1027 620 apud
1058 531 1234 597 Isocratem
1268 535 1318 593 est

102 644 204 728 (XIX,
227 645 269 725 9).
314 644 383 709 Hoc
414 643 595 708 institutum
628 640 714 723 quod
747 658 914 705 commune
947 637 1088 703 omnium
1120 635 1317 725 Graecorum

102 748 220 813 Jannet
242 749 276 831 (p
299 745 352 828 77)
375 751 477 831 putat,
499 745 586 810 idem
608 744 702 810 nohis
724 742 864 810 occurrit
885 742 973 828 apud
994 740 1092 806 ludos
1115 744 1147 803 et
1169 736 1318 820 Iudaeos,

103 869 173 914 cum
204 849 238 913 in
270 849 420 934 Aegypto
452 847 541 913 filiae
573 847 751 930 antiquitus
785 867 858 912 cum
895 844 972 910 filiis
1006 864 1072 909 una
1104 840 1317 906 hereditatem

103 957 347 1033 consequantur.
380 952 503 1016 Romae
518 957 625 1016 autem
641 950 822 1033 quicunque
836 950 871 1013 in
886 967 982 1013 manu
1002 945 1140 1012 hominis
1155 943 1319 1009 morientis

104 1054 317 1136 inveniuntur,
340 1052 477 1120 heredes
491 1059 565 1119 sunt
586 1053 634 1117 ita
655 1058 691 1116 ut
705 1052 901 1137 emancipati
917 1049 1132 1116 excludantur
1153 1048 1319 1129 utriusque

103 1177 199 1223 sexus
220 1157 324 1223 liberi.
367 1157 465 1242 Apud
487 1157 666 1240 Germanos
699 1154 791 1220 fundi
819 1156 963 1222 maribus
997 1154 1105 1240 potius
1138 1152 1317 1235 obtingunt,

102 1280 172 1325 curn
194 1261 228 1325 in
250 1260 422 1326 mobilibus
445 1260 538 1326 honis
554 1258 738 1325 dividendis
754 1259 894 1324 feminae
917 1265 973 1325 aut
994 1258 1066 1343 pari
1088 1257 1158 1322 iure
1180 1255 1245 1320 sint
1260 1259 1316 1319 aut

103 1364 308 1429 antecedant.

188 1503 232 1566 At
253 1502 286 1565 in
319 1498 512 1584 quibusdam
545 1499 729 1565 civitatibus
752 1498 949 1564 Graecorum
978 1496 1067 1563 aliud
1096 1497 1317 1562 videturesse

105 1604 318 1670 successionis
339 1605 399 1670 ius.
443 1602 635 1668 Thalheimo
658 1601 788 1686 quidem
802 1602 824 1684 ¹)
846 1604 879 1667 in
894 1603 1006 1671 Ionica
1027 1601 1133 1666 insula
1148 1600 1230 1664 Teni
1246 1618 1318 1663 curn

103 1706 177 1773 filiis
199 1729 265 1773 una
286 1707 371 1774 filias
393 1708 426 1772 in
448 1705 661 1773 hereditatem
681 1706 792 1772 vocari
814 1706 882 1770 veri
904 1705 1009 1769 simile
1032 1709 1090 1768 est.
1127 1701 1319 1767 Accuratius

105 1810 169 1876 iarn
191 1813 224 1876 in
246 1812 303 1877 illo
326 1810 420 1877 titulo
443 1810 632 1894 legimus²):

141 1925 260 2017 Ἡγίας
276 1924 447 2017 Ἀμφίονος
464 1924 682 2007 'marmorata
702 1929 790 2013 παρὰ
811 1927 954 2013 Χαιρέλα
970 1925 1133 2012 Χαβυσίου
1149 1922 1318 2001 Θεστιάδος

147 2035 203 2098 καί
241 2031 328 2119 παρὰ
365 2034 487 2111 maroug
519 2031 701 2119 Χαβυσσίου
736 2028 906 2107 decusata
945 2031 1000 2094 καί
1035 2029 1122 2114 παρὰ
1148 2023 1321 2112 'lotapatae

146 2136 290 2222 Χατρὲλα
321 2133 542 2213 Ἔλειθυαίδος
578 2132 656 2221 μετὰ
693 2132 808 2219 κυρίων
840 2131 1054 2220 Τιμοκράτους
1086 2133 1141 2195 καί
1177 2129 1321 2215 Χαιρὲλα

145 2239 328 2326 Χαβυσσίου
351 2238 529 2305 Θεσπιαδῶν
552 2238 678 2324 ἐπρίατο
700 2236 759 2301 κτλ
781 2236 841 2302 ὅσα
862 2236 901 2322 ἠν
924 2236 1106 2322 Χαβυσσίου
1128 2235 1183 2299 τοῦ
1203 2233 1320 2318 πατρὸς

145 2344 200 2407 τοῦ
222 2342 365 2429 Χαίρὲλα
387 2344 442 2406 καί
463 2343 593 2419 maroug.

106 2463 257 2530 Vendunt
282 2463 377 2531 liberi
405 2450 477 2530 cunr
506 2467 711 2529 matresua:
745 2463 829 2528 alter
857 2480 1083 2546 germanorum
1108 2458 1320 2542 Timocrates,

107 2569 160 2650 qui
175 2575 261 2634 tutor
276 2568 502 2650 auctoritatem
517 2566 701 2652 interponit,
724 2565 896 2631 fundorum
917 2585 982 2630 non
1001 2562 1129 2631 videtur
1143 2563 1321 2648 particeps:

105 2671 189 2737 hano
211 2672 252 2736 oh
275 2691 343 2736 rem
366 2671 571 2736 donationem
587 2670 695 2756 potius
718 2676 775 2735 aut
788 2670 872 2734 inter
885 2669 976 2734 vivos
996 2668 1117 2733 factam
1140 2673 1197 2732 aut
1212 2666 1323 2731 mortis

105 2795 205 2840 causa
227 2774 395 2840 statuerim
417 2794 514 2858 quarn
537 2774 578 2839 ab
600 2774 754 2838 intestato
782 2771 1007 2855 hereditatem,
1035 2770 1225 2856 praesertim
1248 2789 1321 2834 cum

105 2878 138 2941 in
159 2900 181 2943 ν
202 2876 243 2943 99
266 2878 407 2961 legatur:

149 2991 166 3062 ὃ
188 2999 274 3064 δεῖνα
296 2997 423 3082 ἐπρίατο
446 2995 532 3081 παρὰ
554 2995 676 3073 Φειδῶς
698 2995 881 3081 Χαβυσοίου
904 2993 1074 3071 euocata
1102 2994 1181 3079 μετὰ
1208 2992 1322 3079 κυρίων

147 3100 344 3186 Τιμοκράτου
366 3102 421 3165 καί
442 3098 585 3184 Χαιρέλα
607 3097 771 3185 Χαβυσίου
794 3098 853 3164 κτλ
874 3097 995 3164 πάντων
1017 3098 1056 3161 τὰ
1078 3091 1175 3183 ἠρίον]
1200 3096 1259 3160 ὅσα
1283 3096 1322 3181 ἠν

149 3205 330 3292 Χαβυσσίου
352 3204 407 3269 τοῦ
428 3199 544 3288 πατρὸς
566 3203 620 3266 τοῦ
642 3202 772 3279 maroug.

108 3345 183 3390 nam
206 3346 264 3411 per
278 3324 493 3390 hereditatem
514 3323 625 3389 nescio
648 3343 690 3389 an
704 3320 809 3387 Phido
825 3318 992 3386 dimidiam
1007 3325 1131 3405 partem
1149 3326 1323 3405 acceptura

106 3448 170 3494 non
192 3428 299 3512 fuerit,
323 3447 395 3493 cum
410 3427 528 3492 fratres
550 3426 614 3492 duo
636 3426 701 3491 sint
715 3424 914 3510 superstites.
959 3422 1098 3489 Donatio
1115 3429 1223 3488 autem
1240 3423 1324 3488 inter

104 3531 196 3597 vivos
219 3532 308 3597 facta
329 3531 490 3597 invenitur
511 3530 544 3594 in
566 3550 587 3595 ν
608 3530 665 3595 38:

145 3651 396 3737 decooperta·
430 3649 600 3734 Καλλιφῶν
631 3647 799 3734 Κτήτωνος
816 3646 1041 3733 Ἡρακλειδῶν
1078 3645 1166 3732 παρὰ
1204 3646 1322 3711 Φώκου

151 3756 320 3833 Φωκίωνος
335 3753 494 3840 Θρυησίου
510 3753 636 3837 ἐπρίατο
653 3750 709 3837 τὴν
731 3752 831 3816 οἰκίαν
852 3750 874 3836 ἦ
896 3749 936 3836 ῆν
956 3749 1107 3836 πρότερον
1128 3750 1182 3814 τοῦ
1207 3747 1323 3835 πατρὸς

152 3852 247 3923 αὐτοῦ
272 3856 439 3942 Κτήτωνος
471 3855 531 3921 κτλ
563 3855 813 3932 συνεπαινοῦντος
840 3852 958 3918 Φώκου
992 3856 1047 3918 καί
1074 3852 1241 3939 Κτήτωνος
1268 3854 1323 3918 τοῦ

151 3959 269 4046 πατρὸς
289 3960 344 4023 τοῦ
366 3958 597 4044 Καλλιφῶντος.

199 4272 218 4340 ¹)
253 4270 314 4324 Ant
331 4267 377 4322 for
394 4284 413 4336 p
434 4267 467 4320 10
483 4267 581 4322 adnot.

195 4356 218 4425 ¹)
253 4357 383 4424 Newton,
402 4353 498 4410 Greek
515 4354 592 4408 inser
609 4355 634 4405 ΙΙ
653 4354 713 4424 377,
730 4370 750 4407 ν
768 4354 810 4408 92.
