3142 4950
718 310 760 380 23

130 519 191 585 tati
213 519 302 587 facto
324 521 524 606 provinciam
557 523 753 589 senatoriam
787 522 893 589 denuo
926 521 1063 589 instituit
1076 524 1107 604 ¹).
1152 520 1244 600 Quae
1272 542 1345 590 cum

128 622 178 689 ita
200 644 251 690 res
273 644 309 690 se
330 623 482 708 habeant,
515 625 654 692 Laldam
675 626 853 713 impuberis
885 627 1025 693 feminae
1047 633 1237 712 curatorem,
1271 634 1346 714 post
1420 674 1424 680 ·

127 728 184 792 τοῦ
207 734 315 794 autem
338 747 454 818 nomen
481 730 584 814 patris
612 730 764 813 scriptum
793 730 894 797 fuisse
925 730 1119 817 putabimus.
1149 769 1191 781 -
1218 731 1345 797 Deinde

128 830 232 897 Meier
264 851 337 897 cum
370 831 411 897 de
448 832 578 899 Ernesti
616 834 744 900 Curtius
782 834 959 900 Anecdotis
991 834 1159 920 Delphicis
1191 835 1345 901 iudicium

128 934 253 1001 faceret
265 934 299 1021 2),
322 935 381 1000 illa
402 936 502 1001 verba
524 936 780 1014 συνευδοκοῦντος
801 937 857 1001 τοῦ
878 938 985 1021 δεῖνος,
1008 958 1080 1003 cum
1102 938 1223 1004 femina
1237 958 1346 1004 manu-

128 1040 326 1124 missorem,
360 1038 403 1104 ad
432 1045 569 1104 tutorem
603 1040 735 1125 rettulit,
769 1060 853 1123 quae
885 1041 981 1106 aliter
1013 1041 1093 1107 alibi
1126 1041 1347 1124 intellegenda

127 1141 324 1208 viderentur.
369 1142 505 1208 Etiamsi
526 1143 625 1209 latius
645 1150 737 1228 patet
758 1142 794 1208 id
815 1145 1021 1227 συνευδοκεῖν,
1049 1145 1084 1209 in
1106 1145 1215 1214 multis
1236 1150 1346 1209 tamen

128 1246 232 1312 titulis
252 1245 421 1331 Delphicis
442 1246 666 1314 manumissori
689 1246 830 1312 feminae
851 1247 900 1311 vir
921 1249 1030 1314 nullus
1047 1246 1142 1314 adest
1156 1248 1218 1313 nisi
1233 1252 1346 1312 auctor

128 1348 291 1415 secundus
312 1355 411 1432 atque
433 1356 547 1415 testes:
570 1351 660 1415 velut
681 1349 722 1413 W
738 1350 806 1414 &F
828 1349 881 1434 60,
905 1351 976 1434 102,
1001 1351 1072 1435 110,
1097 1350 1168 1433 115,
1186 1351 1257 1433 132,
1274 1350 1345 1433 147,

128 1452 203 1518 259.
225 1490 268 1500 -
290 1453 360 1519 Ηοο
383 1453 556 1519 Oaillemer
578 1452 741 1529 secutus³l
763 1473 892 1538 semper
913 1454 947 1518 in
974 1453 1015 1520 iis
1042 1451 1346 1518 manumissionibus

127 1561 267 1621 tutorem
288 1556 520 1641 interposuisse
548 1556 773 1621 auctoritatem
801 1556 979 1622 contendit:
1010 1576 1105 1639 quam
1135 1575 1207 1620 cum
1234 1555 1346 1637 utique

127 1679 188 1744 per
208 1660 299 1741 leges
327 1659 546 1725 necessariam
579 1679 650 1724 esse
683 1664 819 1743 constet,
851 1660 884 1724 in
916 1659 1018 1725 titulis
1049 1659 1200 1735 nimirum
1232 1658 1345 1723 omitti.

128 1761 305 1828 Praeterea
337 1762 465 1827 silentio
499 1781 594 1848 posse
627 1763 852 1828 anctoritatem
884 1762 1061 1846 interponi:
1100 1761 1186 1844 quod
1216 1760 1345 1844 quidem

128 1865 243 1930 statuit
265 1865 516 1949 quotiescunque
539 1871 595 1931 aut
617 1864 751 1931 maritus
773 1871 829 1930 aut
851 1864 945 1930 homo
967 1884 1086 1947 genere
1113 1863 1278 1948 proximus
1301 1864 1346 1926 in·

127 1969 277 2034 veniatur
299 1969 508 2035 συνευδοκῶνε
536 1989 597 2035 neo
619 1988 696 2035 vero
724 1974 863 2034 tutorem
890 1968 994 2033 minus
1022 1965 1130 2032 audiri
1161 1967 1239 2049 vult,
1273 1986 1346 2031 cum

128 2072 218 2137 iussu
241 2071 312 2155 quis
334 2072 442 2138 mariti
465 2069 640 2158 βεβαιωτήρ
664 2071 799 2136 exsistat
821 2069 1038 2154 (κελεύσαντος
1052 2076 1107 2134 τοῦ
1125 2068 1234 2155 δεῖνος)
1257 2070 1346 2135 velut

127 2174 169 2239 W
191 2176 219 2238 dr
239 2175 266 2238 F
297 2176 367 2260 120,
396 2173 468 2241 236.
513 2176 662 2242 Ceterum
690 2174 837 2257 intellegi
865 2173 1089 2240 anctoritatem
1117 2173 1261 2259 potuisse
1290 2180 1346 2237 aut

128 2297 169 2342 ex
202 2277 274 2360 ipso
308 2278 449 2343 adventu
482 2278 572 2344 cuius
605 2278 724 2343 mentio
757 2298 821 2342 non
853 2276 911 2342 fiat
944 2282 1001 2341 aut
1030 2297 1070 2341 ex
1092 2276 1209 2351 litteris
1231 2276 1346 2342 tutoris

128 2380 249 2446 allatis.
287 2381 374 2447 Satis
390 2386 475 2446 esset
489 2380 670 2465 probabilis
684 2379 765 2446 haec
780 2379 951 2464 sententia,
967 2379 994 2444 si
1010 2378 1051 2444 de
1066 2380 1180 2463 paucis
1195 2384 1346 2463 ageretur

128 2484 233 2568 iisque
266 2483 433 2569 Delphicis
466 2483 687 2551 tautummodo
720 2485 838 2550 titulis:
872 2491 906 2549 at
942 2483 1062 2549 nemini
1098 2482 1346 2570 persuadebitur

129 2589 268 2673 primum
289 2588 324 2651 in
346 2592 436 2652 tanto
470 2587 639 2652 mulierum
672 2607 756 2670 quae
788 2587 926 2672 Delphis
958 2587 1186 2652 manumittunt
1214 2605 1346 2651 numero

7 2759 8 2764 .
129 2710 246 2756 nomen
267 2689 372 2776 κύριος
394 2711 521 2777 semper
542 2690 636 2773 quasi
658 2709 933 2775 supervacaneum
956 2690 1070 2772 omitti,
1093 2689 1211 2755 deiude
1231 2690 1346 2753 mirum

7 2801 8 2804 ’
130 2793 293 2877 quendam
321 2794 354 2859 in
383 2793 529 2877 modum,
557 2794 741 2876 ubicunque
767 2794 856 2859 valet
888 2793 1142 2877 draconarius,
1169 2792 1231 2858 hoc
1259 2791 1345 2857 idem

129 2896 290 2963 accidere.
334 2898 440 2981 Atque
462 2896 621 2980 Georgius
642 2898 765 2980 Perrot‚
790 2917 862 2962 cum
884 2895 926 2961 dc
947 2895 1100 2961 Fouoarti
1126 2895 1238 2961 libello
1265 2893 1346 2959 iudi-

131 3020 203 3065 cum
226 3000 373 3084 faciat⁴),
406 3006 577 3085 propterea
610 3020 674 3066 non
706 3000 841 3084 reperiri
874 2999 953 3065 dicit
986 2999 1019 3062 in
1047 2999 1149 3064 titulis
1177 2997 1344 3082 Delphicis

128 3108 278 3187 tutorem,
306 3103 393 3186 quod
415 3103 501 3169 aliae
533 3108 631 3185 atque
663 3101 804 3168 Athenis'
832 3101 912 3167 alibi
944 3103 1035 3184 leges
1057 3100 1249 3167 statuendae
1270 3100 1344 3166 sint.

130 3205 223 3284 Quae
245 3206 287 3272 de
308 3205 556 3272 Lacedaemone
576 3207 677 3271 verba
699 3205 786 3289 fecit,
809 3204 982 3271 Oaillemer
1001 3204 1067 3269 iam
1089 3205 1154 3269 ista
1176 3203 1343 3270 refutarit:

127 3308 310 3376 firmissimo
342 3329 419 3376 vero
452 3309 608 3374 adversus
634 3309 802 3374 Perrotum
835 3313 1023 3391 argumento
1055 3307 1158 3374 titulis
1186 3307 1346 3373 Boeoticis

129 3418 212 3478 utor.
256 3413 295 3477 In
316 3412 357 3478 iis
378 3449 418 3463 -
442 3410 511 3476 illic
532 3411 617 3478 enim
640 3430 752 3477 servus
773 3409 836 3477 deo
858 3411 960 3494 gratis
982 3417 1198 3496 consecratur,
1224 3431 1288 3476 non
1311 3416 1346 3475 ut

130 3514 268 3601 Delphis
290 3520 379 3581 certo
403 3514 507 3600 pretio
534 3514 623 3581 uenit
644 3551 687 3564 —
709 3514 883 3581 Caillemer
911 3521 1049 3581 tutorem
1082 3515 1239 3599 agnoscit,
1273 3534 1345 3579 cum

130 3617 271 3684 feminae
281 3617 519 3685 manumittenti
529 3617 728 3703 propinquus
746 3617 863 3683 dicitur
881 3618 1007 3703 adesse,
1029 3618 1113 3685 sicut
1127 3618 1169 3684 01
1186 3619 1202 3693 Ι
1221 3616 1343 3687 leeth:

172 3719 311 3800 Δεξίππου
327 3717 475 3787 ’Adustae
496 3718 648 3807 παρόντος
670 3714 749 3806 αὐτῇ
778 3726 833 3785 τοῦ
860 3717 971 3806 ἀνδρὸς
997 3719 1141 3808 Σπμίχου
1168 3726 1223 3786 τοῦ
1250 3721 1345 3785 Φιλο-

171 3824 258 3903 ξένου
280 3822 456 3910 ἀνατίθησι,

217 4082 241 4149 1)
277 4079 449 4150 llarquardt
467 4080 511 4136 De
528 4080 590 4150 reip
608 4081 681 4136 Rom
699 4080 944 4136 administratione
961 4080 975 4135 Ι
992 4097 1011 4150 p
1031 4081 1089 4134 174.

216 4169 239 4237 ²)
273 4168 386 4238 Allgem
402 4168 691 4237 Litteratur·Zeitung
710 4166 777 4223 1843
795 4166 962 4223 December.

219 4256 242 4325 υ)
277 4256 319 4310 Le
342 4258 457 4310 contrat
473 4256 509 4311 de
527 4261 613 4311 vente
632 4257 650 4310 a
667 4254 795 4310 Athones
813 4257 853 4310 II:
889 4257 989 4311 Revue
1007 4255 1043 4309 de
1061 4255 1142 4324 legisl
1159 4255 1295 4310 ancienne
1314 4260 1343 4309 et

128 4342 262 4398 moderna
282 4342 349 4399 1873
366 4359 386 4412 p
404 4343 421 4397 6
439 4357 501 4412 sqq.
522 4372 552 4383 -
569 4344 592 4413 ¹¹)
627 4343 727 4398 Rerue
746 4342 866 4412 critique
886 4342 952 4397 1867
970 4342 1010 4397 17
1026 4358 1046 4411 p
1064 4342 1098 4396 36
1117 4358 1179 4412 sqq.
