3142 4950
227 546 360 593 uxorem
376 533 408 593 et
423 526 467 593 ad
481 528 601 594 liberos
616 527 729 611 generi
744 526 910 594 hereditas
928 534 1125 612 perventura
1139 527 1189 595 sit.
1233 528 1324 594 Idem
1345 528 1443 612 igitur
1480 615 1485 622 .

226 629 375 696 Theraea
389 631 492 696 tutela
507 637 656 715 spectare
671 651 710 696 ac
725 632 871 697 Romana
887 631 1024 715 videtur,
1046 639 1082 697 ut
1097 632 1250 716 legitimis
1272 631 1444 698 heredibus

225 751 266 797 ne
302 734 493 819 surripiatur
531 733 694 800 hereditas
713 759 720 800 :
739 755 800 801 nec
832 735 866 799 in
904 735 1056 802 faciundo
1095 741 1290 802 testamento
1328 735 1442 801 tutoris
1570 779 1571 804 r

226 838 418 904 auctoritate
439 859 504 903 non
526 858 607 923 opus
630 843 688 902 est.

311 957 361 1022 De
389 957 574 1024 civitatibus
601 957 744 1023 Aeolicis
771 958 833 1024 hoc
862 979 959 1024 unum
989 967 1077 1026 certe
1109 961 1227 1026 scimus
1255 958 1442 1044 Thespiada

223 1060 410 1128 Nicaretam
431 1061 465 1127 in
487 1061 594 1127 mariti
616 1061 719 1127 tutela
741 1061 853 1143 esse¹).

197 1259 200 1265 ¹
310 1178 419 1266 Olymi
440 1181 473 1246 in
502 1180 622 1268 oppido
645 1182 761 1248 Cariae
788 1183 889 1248 filium
917 1188 1056 1249 tutorem
1083 1183 1261 1250 invenimus
1286 1184 1320 1249 iu
1347 1183 1441 1249 titulo

224 1284 363 1350 fortasse
376 1291 451 1350 ante
462 1285 588 1370 imperii
595 1286 731 1351 Romani
743 1292 889 1371 tempora
901 1293 1034 1354 exarato
1042 1287 1081 1373 2);
1094 1288 1242 1352 maritum
1249 1287 1443 1372 Mylasae³lz

225 1387 281 1452 ubi
309 1387 452 1454 absentis
485 1388 588 1474 patris
613 1389 701 1455 vices
727 1392 848 1456 obeunt
874 1391 1011 1476 epitropi
1039 1391 1140 1457 frater
1165 1392 1294 1476 puellae
1320 1397 1352 1456 et
1378 1389 1442 1455 duo

223 1490 372 1575 patrui⁴),
395 1510 590 1574 quamquam
613 1511 653 1557 ex
675 1512 755 1558 voce
777 1494 942 1579 epitropos
963 1495 1107 1580 puellam
1126 1515 1189 1559 non
1210 1493 1355 1560 adultam
1371 1514 1444 1559 esso

224 1592 313 1660 haud
335 1593 433 1658 facile
455 1593 601 1659 efficitur.
650 1594 653 1599 ⁴

308 1713 458 1797 Pergami
473 1713 637 1780 Ciceronis
653 1716 851 1800 temporibus
866 1718 969 1783 tutela
992 1717 1156 1784 muliebris
1178 1717 1319 1802 vigebat,
1343 1717 1391 1783 cfr
1405 1737 1442 1781 or

223 1836 282 1901 pro
305 1816 424 1882 Flacco
447 1819 467 1897 ἓ
491 1816 546 1881 74:
581 1817 789 1903 „Emptiones
811 1820 929 1904 falsas,
957 1821 1162 1905 praediorum
1189 1820 1440 1907 proscriptiones

225 1940 297 1986 cum
319 1920 507 1985 mulieribus
534 1928 648 2005 aperta
671 1922 968 2009 circumscriptione
990 1924 1106 1991 fecisti.
1149 1925 1249 1989 Tutor
1271 1923 1321 1989 his
1342 1923 1440 1988 Grae-

224 2044 333 2089 oorum
354 2024 482 2107 legibus
504 2023 739 2092 adscribendus
762 2027 853 2092 fuit.“
874 2066 918 2076 —
939 2028 1088 2093 Tutelam
1113 2028 1147 2092 in
1168 2026 1321 2112 Bithynia
1343 2026 1441 2092 etiam

223 2126 377 2192 Antonini
391 2127 442 2190 Pii
456 2133 565 2193 aetate
587 2136 717 2194 exstare
732 2129 833 2196 Gaius
848 2130 943 2196 docet
956 2130 983 2214 Ι,
1008 2130 1083 2196 193:
1113 2128 1230 2215 „Apud
1251 2129 1441 2213 peregrinos

223 2250 287 2294 non
314 2228 462 2294 similiter
488 2236 524 2296 ut
551 2231 640 2315 apud
667 2252 725 2298 nos
753 2232 786 2297 in
814 2233 917 2298 tutela
950 2240 1024 2298 sunt
1054 2233 1210 2315 feminae,
1244 2231 1302 2296 sed
1330 2242 1439 2297 tamen

222 2333 411 2418 plerumque
433 2332 526 2414 quasi
547 2334 579 2398 in
602 2335 705 2400 tutela
727 2342 817 2420 sunt,
845 2343 881 2402 ut
903 2356 978 2402 ecce
1003 2342 1056 2402 lex
1077 2334 1288 2420 Bithynorum
1311 2334 1339 2399 si
1361 2333 1439 2416 quid

222 2435 337 2502 mulier
352 2441 430 2520 agat
445 2436 594 2502 maritum
610 2431 774 2506 auctorem
791 2458 862 2505 esse
877 2440 967 2505 iubet
983 2445 1038 2506 aut
1052 2438 1153 2505 filium
1169 2438 1238 2504 eius
1252 2437 1439 2523 puberem.“

221 2576 265 2588 -
286 2540 433 2606 Romana
455 2547 563 2606 autem
585 2563 606 2607 a
628 2542 825 2608 Graecorum
847 2545 950 2610 tutela
972 2544 1178 2610 vehementer
1200 2541 1318 2607 differt.

307 2661 344 2724 In
375 2660 562 2744 Aegyptum
601 2662 705 2727 tutela
742 2663 911 2728 mulierum
948 2663 1075 2730 Graeca
1114 2669 1188 2749 post
1218 2662 1441 2728 Alexandrum

221 2764 375 2847 Magnum
402 2761 535 2829 inducta
557 2753 654 2830 etiam
682 2765 741 2830 sub
769 2766 905 2851 imperio
927 2769 1071 2833 Romano
1100 2767 1184 2833 sicut
1205 2766 1272 2831 alia
1292 2764 1440 2831 instituta

222 2867 278 2931 diu
307 2865 464 2949 mansitl).
507 2866 622 2933 Frater
650 2871 909 2953 consanguineus
935 2876 1021 2936 tutor
1047 2875 1096 2935 est
1117 2869 1150 2933 in
1173 2888 1298 2954 papyro
1319 2874 1440 2952 tempo-

222 2990 293 3034 rum
325 2969 479 3034 Antonini
507 2969 601 3053 Pup:
642 2970 720 3057 μετὰ
752 2972 861 3059 κυρίου
896 2971 933 3038 οὐ
954 2972 1105 3058 παρόντος
1137 2978 1192 3037 τοῦ
1227 2969 1322 3057 αὑτῆς
1355 2968 1439 3035 κατὰ

222 3072 343 3158 πατέρα
366 3064 512 3157 ἀδελφοῦ.
557 3075 691 3140 Maritus
706 3076 740 3140 in
755 3077 872 3142 litteris
891 3077 1007 3161 quibus
1029 3074 1236 3143 manumissio
1260 3075 1440 3140 continetur

223 3177 299 3241 anni
324 3175 378 3260 pO
400 3175 602 3261 COOLIV.⁷).
646 3180 684 3244 In
711 3180 776 3245 alio
799 3201 924 3266 papyro
947 3181 1024 3246 anni
1051 3180 1104 3246 all
1127 3178 1266 3244 CLXVI.
1288 3185 1345 3243 aut
1371 3177 1439 3260 Io,

221 3280 277 3362 qui
304 3278 345 3344 dc
379 3285 488 3346 mutuo
518 3281 595 3347 dato
624 3289 688 3366 est,
720 3284 893 3349 Caillemer
920 3283 1052 3348 fratrem
1079 3287 1216 3346 tutorem
1247 3279 1439 3362 agnoscit⁸):

221 3491 423 3498 ...ρ-ῳ...-

310 3641 332 3710 1)
367 3638 492 3711 hatfeld,
511 3640 572 3713 Syll
588 3642 666 3698 inser
683 3643 777 3698 Boeot
794 3659 813 3711 p
834 3641 866 3694 13
884 3657 946 3711 sqq.

309 3728 333 3797 1)
368 3727 409 3782 Le
427 3728 494 3800 Bas,
513 3729 583 3786 Asie
602 3730 657 3783 min
675 3729 701 3784 N
718 3728 804 3798 32314.

310 3815 332 3884 ⁶)
367 3815 489 3870 Bulletin
507 3816 543 3870 de
562 3831 679 3885 corresp
697 3814 790 3870 hellen
810 3814 884 3883 1881,
902 3832 921 3884 p
941 3813 983 3868 39.

307 3902 330 3970 4)
364 3902 601 3959 LeBasN415.

309 3990 331 4059 ο)
366 3991 496 4060 Derecto,
513 3990 570 4043 Les
588 4003 716 4059 papyrus
734 3991 999 4061 greco-egyptiens:
1022 3990 1143 4046 Journal
1161 3991 1212 4046 des
1225 3988 1349 4045 savants
1363 3988 1439 4059 1883,

220 4076 309 4146 pluo
328 4092 390 4148 sqq.
1074 4107 1076 4110 ·

310 4165 332 4233 ⁶)
367 4164 483 4219 Notices
503 4167 532 4218 et
550 4162 669 4218 extraits
687 4164 792 4235 XVIII,
810 4165 827 4218 2
844 4166 870 4222 N
890 4168 929 4221 17.

308 4250 330 4320 7)
366 4249 488 4318 Curtius,
508 4247 609 4304 Anecd
627 4249 722 4319 Delph
740 4256 810 4306 extr.

308 4338 330 4404 8)
365 4336 482 4392 Notices
502 4341 531 4392 et
548 4339 667 4393 extraits
685 4338 710 4394 N
728 4340 752 4393 7.
794 4338 950 4408 Oaillemer,
968 4339 1023 4392 Les
1041 4354 1099 4407 pap
1117 4354 1135 4407 p
1154 4339 1195 4392 21.
