3142 4950
495 276 503 287 “
697 278 706 331 t
785 281 826 344 oo

199 497 237 558 In
270 493 363 559 titulo
392 490 494 555 Tenio
507 490 530 573 ¹)
559 488 735 555 Anaxicles
764 486 969 552 Philotheam
1000 485 1120 552 iudicio
1146 485 1262 551 vicisse
1291 483 1420 549 dicitur.

284 596 440 662 Nicareta
461 594 622 678 Thespias
642 592 716 677 ipsa
738 591 883 656 debitum
906 590 1007 672 exigit
1017 589 1056 671 2);

245 700 343 764 ἐπιδεὶ
370 696 603 783 παργενομὲνοις
624 695 805 780 Nicocreon
827 692 944 769 Θίωνος
972 691 1143 768 Θεισπικᾶς
1170 690 1213 776 κν)
1237 686 1422 774 πραττώσοις

241 803 277 868 τὸ
301 800 420 867 δάνειον
442 798 497 867 τὰν
519 799 608 867 πόλιν
629 799 691 866 κὰτ
713 797 767 876 τὰς
790 790 1017 882 οὑπεροιμερίοις
1037 795 1094 872 τὰς
1116 795 1210 874 iocor
1233 799 1322 886 αὐτῆ.

201 908 244 973 Ut
265 906 393 971 mulieri
414 905 536 969 Romae
557 904 593 969 id
614 904 678 990 ipsi
701 922 799 986 ogere
821 902 898 967 licet
910 900 943 983 ³).
994 902 1143 968 Ceterum
1170 905 1204 970 in
1231 906 1304 990 ipse
1324 905 1424 990 parti·
1506 928 1510 935 ·

203 1009 277 1074 culo
303 1009 331 1072 F
359 1007 480 1073 diserte
513 1007 669 1093 scriptum
701 1013 764 1071 est:
798 1003 820 1090 ἡ
853 1005 888 1068 δὲ
920 1005 1086 1091 συγγραφὴ
1120 1008 1213 1092 κυρία
1245 1010 1325 1073 ἔστω
1359 1007 1421 1073 κᾶν
1528 1046 1531 1051 »

202 1108 297 1189 ἄλλος
319 1111 450 1196 ἐπιφέρῃ
484 1109 561 1195 ὑπὲρ
589 1110 775 1195 strepeto,
808 1109 856 1174 ita
882 1116 917 1173 ut
945 1115 1100 1175 exactura
1127 1111 1199 1196 ipsa
1228 1119 1325 1179 antea
1353 1112 1421 1176 iam

200 1236 272 1282 esse
293 1214 443 1280 videatur
455 1215 489 1297 ⁴).

285 1319 323 1383 In
338 1317 501 1403 Aegyptio
516 1338 641 1403 papyro
656 1316 832 1382 vetustiore
848 1307 1053 1380 arcessuntur
1065 1317 1217 1401 coniuges
1228 1325 1265 1384 ut
1277 1318 1424 1384 debitum

202 1423 397 1487 frumentum
419 1419 558 1485 reddant
570 1421 608 1502 1);
632 1439 694 1502 quo
717 1418 789 1484 loco
818 1424 875 1483 out
901 1420 1081 1484 communio
1104 1422 1262 1487 bonorum
1283 1425 1425 1493 omnium

201 1522 375 1590 statuenda
397 1529 454 1587 aut
474 1523 545 1608 ipse
578 1543 636 1608 pro
670 1542 771 1587 uxore
802 1521 867 1586 fide
900 1521 1039 1587 iusserat
1067 1524 1218 1590 maritus:
1253 1525 1319 1590 alio
1351 1527 1424 1590 loco

203 1634 311 1694 eutem
338 1626 419 1690 nihil
452 1627 523 1711 ipse
556 1632 642 1691 tutor
674 1625 773 1691 debet
784 1623 818 1708 ⁶).
874 1625 993 1690 Contra
1026 1625 1096 1691 sine
1128 1633 1234 1693 tutore
1266 1647 1426 1693 novercae

204 1749 322 1795 nomen
355 1728 476 1793 femina
509 1728 663 1810 defert⁷):
693 1721 871 1814 Ἕρμονλεῖ
899 1734 959 1793 τῶν
992 1722 1344 1816 ἀρχισωματοφυλοὶκων
1371 1733 1426 1794 καὶ

103 1869 107 1876 -
205 1830 354 1918 ἐπιστάτῃ
388 1839 442 1896 τοῦ
464 1831 645 1916 Παθορίτον
678 1831 765 1915 παρὰ
788 1830 949 1917 Τασήμιος
981 1831 1037 1916 τῆς
1058 1831 1194 1911 Σελώιος
1225 1833 1422 1919 χολχοτίδος·

207 1936 374 2022 ἀδικοῦμαι
396 1933 456 2000 ὑπὸ
479 1934 647 2021 Θεννήσιος
668 1935 724 2021 τῆς
745 1934 914 2021 γενομένης
936 1935 990 1999 τοῦ
1012 1934 1128 2020 πατρός
1150 1959 1208 2022 μου
1227 1937 1382 2022 γυναικός.

641 2142 675 2209 Β.
720 2140 764 2209 Do
785 2140 992 2209 testimoniis.

291 2280 505 2345 Athenienses
542 2280 574 2344 in
612 2278 732 2345 iudicio
777 2279 995 2344 testimonium
1038 2301 1104 2345 non
1145 2279 1254 2346 dicere
1290 2281 1431 2345 feminae

207 2383 357 2450 videntur
369 2382 408 2464 8);
432 2381 519 2464 quod
533 2381 619 2446 idem
635 2381 729 2446 nobis
751 2380 839 2466 apud
854 2380 954 2446 Indos
977 2388 1009 2446 et
1023 2381 1113 2467 apud
1127 2383 1267 2449 Iudaeos
1283 2382 1431 2449 occurrit.

208 2491 331 2554 Romae
348 2508 419 2552 oum
436 2486 612 2568 antiquitus
627 2484 716 2550 haud
728 2485 824 2550 aliter
839 2505 891 2550 res
906 2505 941 2551 se
956 2484 1086 2571 habeat,
1102 2486 1168 2552 iam
1180 2493 1256 2552 ante
1268 2486 1432 2553 Ciceronis

208 2599 356 2677 temporo
377 2590 517 2654 feminae
539 2589 756 2655 testimonium
779 2588 888 2654 dicere
910 2589 1031 2672 licet9).

293 2694 454 2778 Corcyrae
475 2693 510 2757 i11
532 2693 639 2757 insuia
661 2691 781 2757 Dorica
803 2692 944 2756 feminae
965 2693 1182 2758 testimonium
1206 2692 1317 2758 dicunt
1335 2692 1432 2757 etiam

209 2799 238 2864 si
260 2796 317 2863 elii
339 2802 509 2882 praeterea
531 2802 632 2861 testes
654 2801 737 2860 sunt.
782 2794 910 2859 Titulus
933 2802 1049 2880 exstat,
1072 2816 1135 2877 quo
1158 2796 1263 2861 victus
1285 2796 1434 2861 homost

210 2899 432 2966 adversarium
466 2906 498 2964 et
531 2905 631 2964 testes
665 2904 852 2963 exsecratur
865 2897 920 2981 ¹⁰):
954 2897 1086 2964 Σιλανοῦ
1117 2896 1169 2963 τὸν
1201 2897 1272 2964 νόον
1296 2900 1356 2978 {nat
1377 2896 1433 2964 τὰν

209 3005 356 3090 γλῶσσαν
383 3012 487 3067 τουτεῖ
510 3001 715 3087 καταγράφω,
749 3005 805 3066 καὶ
831 3003 891 3068 τῶν
920 3000 1082 3087 μαρτύρων
1109 3003 1170 3068 τῶν
1197 3001 1329 3068 Σιλανοῦ
1358 3001 1426 3065 κτλ·

212 3107 387 3194 Τιμαρέτοις
408 3105 464 3173 τὰν
485 3106 631 3191 γλῶσσαν
653 3105 720 3169 κτλ.
756 3115 758 3119 ’

304 3367 325 3435 1)
360 3367 493 3435 Dareste,
511 3367 597 3422 Nouv
615 3379 668 3418 rev
685 3363 743 3417 hist
761 3363 797 3416 de
816 3363 892 3417 droit
912 3363 979 3418 1884
998 3380 1016 3431 p
1035 3364 1095 3419 382.

304 3454 327 3524 2)
363 3452 479 3508 Larfeld
497 3452 556 3523 Syll
574 3452 600 3507 N
620 3451 660 3519 16,
679 3449 709 3504 C.

304 3543 328 3609 c)
364 3540 500 3610 Savigny‚
519 3536 646 3593 Zeitsehr
665 3535 680 3589 f
695 3535 852 3605 geschichtl
869 3536 1046 3591 Rechtswiss
1064 3538 1100 3607 X,
1118 3539 1178 3591 236.

305 3628 327 3697 ⁴¹)
363 3628 407 3682 De
430 3627 547 3681 notione
570 3625 691 3679 nominis
715 3624 855 3691 συγγραφή
880 3623 924 3677 cfr
958 3624 1092 3691 Foucart,
1124 3624 1188 3679 Bull
1218 3624 1253 3677 de
1284 3639 1349 3676 corr
1380 3621 1435 3676 hell
1461 3608 1464 3610 Δ

218 3715 294 3785 1884,
312 3733 331 3784 p
350 3716 408 3768 375.

306 3804 326 3871 ⁵)
363 3803 430 3857 vido
449 3816 535 3869 supra
553 3817 572 3868 p
590 3800 633 3852 47.

305 3891 327 3957 ⁰)
363 3889 489 3943 Extraits
509 3892 539 3941 et
556 3887 666 3940 notices
685 3884 789 3952 XVHI,
806 3884 823 3936 2
841 3884 866 3938 N
884 3884 908 3935 7.

307 3979 329 4045 7)
365 3976 393 4030 A
410 3976 535 4045 Peyron,
552 3974 614 4041 Pap
633 3972 674 4027 Gr
691 3988 744 4041 reg
761 3972 870 4026 Taurin
888 3988 949 4026 mus
968 3971 1085 4041 Aegypt
1101 3972 1129 4025 Π
1146 3989 1164 4040 p
1183 3972 1226 4026 65.

307 4066 328 4131 ⁸)
366 4062 551 4129 Sohoemrnnn,
569 4060 623 4115 Att
640 4060 715 4114 Proc
725 4059 790 4130 6673
811 4059 1014 4129 Guggenheim‚
1027 4060 1181 4129 Folterung
1192 4060 1230 4113 im
1242 4065 1285 4114 ott
1297 4060 1398 4127 Procp
1415 4063 1436 4113 l.

307 4151 329 4219 9)
364 4148 481 4216 Esoher,
510 4148 554 4201 De
582 4147 697 4202 testium
726 4147 838 4202 ratione
866 4164 937 4213 quae
964 4149 1073 4202 Romae
1104 4147 1153 4202 Cic
1180 4153 1277 4202 aetate
1308 4146 1437 4216 obtinuit,

4 4295 6 4308 ,
104 4205 106 4210 “
218 4236 321 4293 zenon
342 4236 415 4292 1842.
451 4234 968 4305 Marquardt,RomP1·ivataltl58.

294 4325 327 4393 ¹⁰)
363 4321 566 4392 Dittenberger
585 4320 645 4393 Syll
662 4320 722 4376 431.
