<?xml version="1.0" encoding="UTF-8"?>
<!DOCTYPE html PUBLIC "-//W3C//DTD XHTML 1.0 Transitional//EN"
    "http://www.w3.org/TR/xhtml1/DTD/xhtml1-transitional.dtd">
<html xmlns="http://www.w3.org/1999/xhtml" xml:lang="en" lang="en">
 <head>
  <title>
</title>
<meta http-equiv="Content-Type" content="text/html;charset=utf-8" />
  <meta name='ocr-system' content='tesseract 3.04.00' />
  <meta name='ocr-capabilities' content='ocr_page ocr_carea ocr_par ocr_line ocrx_word'/>
</head>
<body>
  <div class='ocr_page' id='page_1' title='image "./henricilewydeci01lewygoog_0069.png"; bbox 0 0 3142 4950; ppageno 0'>
   <div class='ocr_carea' id='block_1_1' title="bbox 12 3259 14 3396">
    <p class='ocr_par' dir='ltr' id='par_1_1' title="bbox 12 3259 14 3396">
     <span class='ocr_line' id='line_1_1' title="bbox 12 3259 14 3396; baseline 0 0"><span class='ocrx_word' id='word_1_1' title='bbox 12 3259 14 3396; x_wconf 87' lang='lat' dir='ltr'>l</span> 
     </span>
    </p>
   </div>
   <div class='ocr_carea' id='block_1_2' title="bbox 161 527 1376 816">
    <p class='ocr_par' dir='ltr' id='par_1_2' title="bbox 161 527 1376 816">
     <span class='ocr_line' id='line_1_2' title="bbox 246 527 1376 614; baseline -0.002 -20"><span class='ocrx_word' id='word_1_2' title='bbox 246 529 438 596; x_wconf 84' lang='lat' dir='ltr'>Aristoteles</span> <span class='ocrx_word' id='word_1_3' title='bbox 461 530 515 613; x_wconf 91' lang='lat' dir='ltr'>qni</span> <span class='ocrx_word' id='word_1_4' title='bbox 537 535 570 595; x_wconf 91' lang='lat' dir='ltr'>et</span> <span class='ocrx_word' id='word_1_5' title='bbox 591 529 768 614; x_wconf 78' lang='lat' dir='ltr'>legitimam</span> <span class='ocrx_word' id='word_1_6' title='bbox 789 529 890 595; x_wconf 87' lang='lat' dir='ltr'>filiam</span> <span class='ocrx_word' id='word_1_7' title='bbox 904 529 1056 612; x_wconf 77' lang='lat' dir='ltr'>relinquit</span> <span class='ocrx_word' id='word_1_8' title='bbox 1071 534 1103 594; x_wconf 90' lang='grc'>11</span> <span class='ocrx_word' id='word_1_9' title='bbox 1117 529 1217 594; x_wconf 89' lang='lat' dir='ltr'>filium</span> <span class='ocrx_word' id='word_1_10' title='bbox 1233 527 1376 610; x_wconf 87' lang='lat' dir='ltr'>nothum,</span> 
     </span>
     <span class='ocr_line' id='line_1_3' title="bbox 163 632 1375 718; baseline -0.002 -19"><span class='ocrx_word' id='word_1_11' title='bbox 163 632 356 699; x_wconf 79' lang='lat' dir='ltr'>Nicanorem</span> <span class='ocrx_word' id='word_1_12' title='bbox 380 632 441 699; x_wconf 87' lang='lat' dir='ltr'>sibi</span> <span class='ocrx_word' id='word_1_13' title='bbox 463 652 616 716; x_wconf 84' lang='lat' dir='ltr'>generum</span> <span class='ocrx_word' id='word_1_14' title='bbox 640 639 781 718; x_wconf 82' lang='lat' dir='ltr'>arrogat,</span> <span class='ocrx_word' id='word_1_15' title='bbox 816 653 888 699; x_wconf 91' lang='lat' dir='ltr'>cum</span> <span class='ocrx_word' id='word_1_16' title='bbox 916 632 983 699; x_wconf 89' lang='lat' dir='ltr'>filio</span> <span class='ocrx_word' id='word_1_17' title='bbox 1012 633 1211 699; x_wconf 79' lang='lat' dir='ltr'>concubinae</span> <span class='ocrx_word' id='word_1_18' title='bbox 1233 632 1375 716; x_wconf 77' lang='lat' dir='ltr'>legatum</span> 
     </span>
     <span class='ocr_line' id='line_1_4' title="bbox 161 735 631 816; baseline 0.004 -16"><span class='ocrx_word' id='word_1_19' title='bbox 161 735 382 803; x_wconf 89' lang='lat' dir='ltr'>tantummodo</span> <span class='ocrx_word' id='word_1_20' title='bbox 405 738 586 803; x_wconf 88' lang='lat' dir='ltr'>ascribatur</span> <span class='ocrx_word' id='word_1_21' title='bbox 600 739 631 816; x_wconf 88' lang='lat'>¹).</span> 
     </span>
    </p>
   </div>
   <div class='ocr_carea' id='block_1_3' title="bbox 161 871 1381 1885">
    <p class='ocr_par' dir='ltr' id='par_1_3' title="bbox 161 871 1381 1885">
     <span class='ocr_line' id='line_1_5' title="bbox 249 871 1375 957; baseline 0 -20"><span class='ocrx_word' id='word_1_22' title='bbox 249 873 399 939; x_wconf 89' lang='lat' dir='ltr'>Valerius</span> <span class='ocrx_word' id='word_1_23' title='bbox 421 873 580 939; x_wconf 85' lang='lat' dir='ltr'>maximus</span> <span class='ocrx_word' id='word_1_24' title='bbox 603 873 658 957; x_wconf 90' lang='lat' dir='ltr'><strong>(II,</strong></span> <span class='ocrx_word' id='word_1_25' title='bbox 681 875 711 957; x_wconf 87' lang='grc'>6,</span> <span class='ocrx_word' id='word_1_26' title='bbox 734 873 767 955; x_wconf 85' lang='grc'>8)</span> <span class='ocrx_word' id='word_1_27' title='bbox 786 871 828 937; x_wconf 86' lang='grc'>(11</span> <span class='ocrx_word' id='word_1_28' title='bbox 850 893 915 939; x_wconf 91' lang='lat' dir='ltr'>anu</span> <span class='ocrx_word' id='word_1_29' title='bbox 937 873 1038 938; x_wconf 88' lang='lat' dir='ltr'>verba</span> <span class='ocrx_word' id='word_1_30' title='bbox 1059 873 1139 938; x_wconf 85' lang='lat' dir='ltr'>facit</span> <span class='ocrx_word' id='word_1_31' title='bbox 1161 892 1245 955; x_wconf 90' lang='lat' dir='ltr'>quae</span> <span class='ocrx_word' id='word_1_32' title='bbox 1268 892 1375 938; x_wconf 90' lang='lat' dir='ltr'>coram</span> 
     </span>
     <span class='ocr_line' id='line_1_6' title="bbox 162 974 1378 1062; baseline -0.002 -20"><span class='ocrx_word' id='word_1_33' title='bbox 162 977 194 1042; x_wconf 81' lang='lat' dir='ltr'>S.</span> <span class='ocrx_word' id='word_1_34' title='bbox 217 977 372 1062; x_wconf 91' lang='lat' dir='ltr'>Pompeio</span> <span class='ocrx_word' id='word_1_35' title='bbox 394 983 530 1042; x_wconf 88' lang='lat' dir='ltr'>mortem</span> <span class='ocrx_word' id='word_1_36' title='bbox 551 976 614 1042; x_wconf 88' lang='lat' dir='ltr'>sibi</span> <span class='ocrx_word' id='word_1_37' title='bbox 637 975 830 1042; x_wconf 79' lang='lat' dir='ltr'>consciverit</span> <span class='ocrx_word' id='word_1_38' title='bbox 857 976 890 1039; x_wconf 91' lang='lat' dir='ltr'>in</span> <span class='ocrx_word' id='word_1_39' title='bbox 915 975 1022 1042; x_wconf 89' lang='lat' dir='ltr'>insula</span> <span class='ocrx_word' id='word_1_40' title='bbox 1045 974 1146 1059; x_wconf 81' lang='lat' dir='ltr'>Oea²)</span> <span class='ocrx_word' id='word_1_41' title='bbox 1174 974 1303 1040; x_wconf 87' lang='lat' dir='ltr'>filiabus</span> <span class='ocrx_word' id='word_1_42' title='bbox 1331 995 1378 1040; x_wconf 89' lang='lat' dir='ltr'>re-</span> 
     </span>
     <span class='ocr_line' id='line_1_7' title="bbox 162 1077 1376 1165; baseline -0.002 -20"><span class='ocrx_word' id='word_1_43' title='bbox 162 1079 248 1145; x_wconf 86' lang='lat' dir='ltr'>lictis</span> <span class='ocrx_word' id='word_1_44' title='bbox 271 1077 397 1145; x_wconf 88' lang='lat' dir='ltr'>duabus</span> <span class='ocrx_word' id='word_1_45' title='bbox 419 1086 607 1165; x_wconf 82' lang='lat' dir='ltr'>septemque</span> <span class='ocrx_word' id='word_1_46' title='bbox 628 1079 811 1164; x_wconf 76' lang='lat' dir='ltr'>nepotibus,</span> <span class='ocrx_word' id='word_1_47' title='bbox 856 1077 1032 1144; x_wconf 74' lang='lat' dir='ltr'>dehortata</span> <span class='ocrx_word' id='word_1_48' title='bbox 1046 1077 1175 1162; x_wconf 83' lang='lat' dir='ltr'>deinde,</span> <span class='ocrx_word' id='word_1_49' title='bbox 1197 1078 1309 1162; x_wconf 87' lang='lat' dir='ltr'>inquit,</span> <span class='ocrx_word' id='word_1_50' title='bbox 1333 1078 1376 1144; x_wconf 90' lang='lat' dir='ltr'>ad</span> 
     </span>
     <span class='ocr_line' id='line_1_8' title="bbox 162 1173 1376 1267; baseline -0.001 -20"><span class='ocrx_word' id='word_1_51' title='bbox 162 1181 369 1248; x_wconf 87' lang='lat' dir='ltr'>concordiam</span> <span class='ocrx_word' id='word_1_52' title='bbox 392 1202 477 1267; x_wconf 84' lang='lat' dir='ltr'>suos,</span> <span class='ocrx_word' id='word_1_53' title='bbox 510 1181 682 1247; x_wconf 89' lang='lat' dir='ltr'>distributo</span> <span class='ocrx_word' id='word_1_54' title='bbox 705 1173 754 1247; x_wconf 85' lang='lat' dir='ltr'>eis&#39;</span> <span class='ocrx_word' id='word_1_55' title='bbox 773 1180 977 1267; x_wconf 87' lang='lat' dir='ltr'>patrimonio,</span> <span class='ocrx_word' id='word_1_56' title='bbox 1011 1187 1043 1246; x_wconf 90' lang='lat' dir='ltr'>et</span> <span class='ocrx_word' id='word_1_57' title='bbox 1072 1181 1159 1247; x_wconf 92' lang='lat' dir='ltr'>cultu</span> <span class='ocrx_word' id='word_1_58' title='bbox 1182 1201 1239 1247; x_wconf 91' lang='lat' dir='ltr'>suo</span> <span class='ocrx_word' id='word_1_59' title='bbox 1262 1181 1376 1247; x_wconf 87' lang='lat' dir='ltr'>maiori</span> 
     </span>
     <span class='ocr_line' id='line_1_9' title="bbox 161 1272 1377 1367; baseline 0 -19"><span class='ocrx_word' id='word_1_60' title='bbox 161 1283 249 1350; x_wconf 87' lang='lat' dir='ltr'>filiae</span> <span class='ocrx_word' id='word_1_61' title='bbox 271 1284 390 1350; x_wconf 88' lang='lat' dir='ltr'>tradito</span> <span class='ocrx_word' id='word_1_62' title='bbox 407 1290 467 1350; x_wconf 91' lang='lat' dir='ltr'>etc.</span> <span class='ocrx_word' id='word_1_63' title='bbox 483 1272 487 1279; x_wconf 69' lang='grc'><strong>’</strong></span> <span class='ocrx_word' id='word_1_64' title='bbox 511 1284 636 1351; x_wconf 88' lang='lat' dir='ltr'>Nomen</span> <span class='ocrx_word' id='word_1_65' title='bbox 659 1284 790 1350; x_wconf 87' lang='lat' dir='ltr'>cultus</span> <span class='ocrx_word' id='word_1_66' title='bbox 805 1284 893 1349; x_wconf 87' lang='lat' dir='ltr'>Hase</span> <span class='ocrx_word' id='word_1_67' title='bbox 909 1282 952 1350; x_wconf 88' lang='lat' dir='ltr'>ad</span> <span class='ocrx_word' id='word_1_68' title='bbox 967 1304 1062 1350; x_wconf 89' lang='lat' dir='ltr'>sacra</span> <span class='ocrx_word' id='word_1_69' title='bbox 1078 1285 1255 1350; x_wconf 87' lang='lat' dir='ltr'>domestica</span> <span class='ocrx_word' id='word_1_70' title='bbox 1270 1284 1377 1367; x_wconf 84' lang='lat' dir='ltr'>refert,</span> 
     </span>
     <span class='ocr_line' id='line_1_10' title="bbox 163 1385 1378 1471; baseline 0 -20"><span class='ocrx_word' id='word_1_71' title='bbox 163 1406 247 1471; x_wconf 90' lang='lat' dir='ltr'>quae</span> <span class='ocrx_word' id='word_1_72' title='bbox 268 1387 409 1453; x_wconf 87' lang='lat' dir='ltr'>maximo</span> <span class='ocrx_word' id='word_1_73' title='bbox 433 1387 548 1471; x_wconf 90' lang='lat' dir='ltr'>cuique</span> <span class='ocrx_word' id='word_1_74' title='bbox 563 1387 738 1453; x_wconf 91' lang='lat' dir='ltr'>liberorum</span> <span class='ocrx_word' id='word_1_75' title='bbox 761 1386 848 1451; x_wconf 87' lang='lat' dir='ltr'>tradi</span> <span class='ocrx_word' id='word_1_76' title='bbox 863 1387 959 1452; x_wconf 90' lang='lat' dir='ltr'>solita</span> <span class='ocrx_word' id='word_1_77' title='bbox 975 1386 1107 1452; x_wconf 85' lang='lat' dir='ltr'>fuerint:</span> <span class='ocrx_word' id='word_1_78' title='bbox 1132 1407 1203 1452; x_wconf 90' lang='lat' dir='ltr'>cnm</span> <span class='ocrx_word' id='word_1_79' title='bbox 1219 1387 1276 1453; x_wconf 91' lang='lat' dir='ltr'>alii</span> <span class='ocrx_word' id='word_1_80' title='bbox 1291 1385 1378 1452; x_wconf 88' lang='lat' dir='ltr'>docti</span> 
     </span>
     <span class='ocr_line' id='line_1_11' title="bbox 161 1489 1380 1576; baseline 0 -22"><span class='ocrx_word' id='word_1_81' title='bbox 161 1489 307 1556; x_wconf 88' lang='lat' dir='ltr'>homines</span> <span class='ocrx_word' id='word_1_82' title='bbox 329 1491 564 1576; x_wconf 89' lang='lat' dir='ltr'>supellectilem</span> <span class='ocrx_word' id='word_1_83' title='bbox 586 1491 728 1574; x_wconf 81' lang='lat' dir='ltr'>cogitent</span> <span class='ocrx_word' id='word_1_84' title='bbox 750 1512 771 1556; x_wconf 88' lang='lat' dir='ltr'>a</span> <span class='ocrx_word' id='word_1_85' title='bbox 794 1490 969 1556; x_wconf 89' lang='lat' dir='ltr'>maioribus</span> <span class='ocrx_word' id='word_1_86' title='bbox 985 1496 1163 1576; x_wconf 83' lang='lat' dir='ltr'>acceptam,</span> <span class='ocrx_word' id='word_1_87' title='bbox 1186 1510 1270 1574; x_wconf 88' lang='lat' dir='ltr'>qnae</span> <span class='ocrx_word' id='word_1_88' title='bbox 1285 1510 1380 1557; x_wconf 87' lang='lat' dir='ltr'>sacra</span> 
     </span>
     <span class='ocr_line' id='line_1_12' title="bbox 163 1592 1377 1679; baseline 0.002 -23"><span class='ocrx_word' id='word_1_89' title='bbox 163 1592 331 1659; x_wconf 87' lang='lat' dir='ltr'>habeatur.</span> <span class='ocrx_word' id='word_1_90' title='bbox 376 1592 434 1658; x_wconf 85' lang='lat' dir='ltr'>De¹</span> <span class='ocrx_word' id='word_1_91' title='bbox 449 1592 593 1660; x_wconf 87' lang='lat' dir='ltr'>colendis</span> <span class='ocrx_word' id='word_1_92' title='bbox 615 1594 763 1659; x_wconf 86' lang='lat' dir='ltr'>manibus</span> <span class='ocrx_word' id='word_1_93' title='bbox 785 1593 888 1679; x_wconf 84' lang='lat' dir='ltr'>ipsius</span> <span class='ocrx_word' id='word_1_94' title='bbox 910 1592 1050 1659; x_wconf 88' lang='lat' dir='ltr'>feminae</span> <span class='ocrx_word' id='word_1_95' title='bbox 1071 1594 1173 1659; x_wconf 86' lang='lat' dir='ltr'>verba</span> <span class='ocrx_word' id='word_1_96' title='bbox 1195 1594 1290 1659; x_wconf 82' lang='lat' dir='ltr'>Cultu</span> <span class='ocrx_word' id='word_1_97' title='bbox 1312 1593 1377 1658; x_wconf 86' lang='lat' dir='ltr'>Suo</span> 
     </span>
     <span class='ocr_line' id='line_1_13' title="bbox 165 1695 1381 1780; baseline -0.001 -19"><span class='ocrx_word' id='word_1_98' title='bbox 165 1696 234 1762; x_wconf 84' lang='lat' dir='ltr'>sine</span> <span class='ocrx_word' id='word_1_99' title='bbox 257 1696 356 1762; x_wconf 91' lang='lat' dir='ltr'>dubio</span> <span class='ocrx_word' id='word_1_100' title='bbox 378 1696 608 1780; x_wconf 84' lang='lat' dir='ltr'>intellegenda,</span> <span class='ocrx_word' id='word_1_101' title='bbox 641 1702 678 1762; x_wconf 90' lang='lat' dir='ltr'>ut</span> <span class='ocrx_word' id='word_1_102' title='bbox 704 1696 738 1761; x_wconf 91' lang='lat' dir='ltr'>in</span> <span class='ocrx_word' id='word_1_103' title='bbox 767 1696 870 1762; x_wconf 89' lang='lat' dir='ltr'>titulis</span> <span class='ocrx_word' id='word_1_104' title='bbox 891 1695 1128 1780; x_wconf 83' lang='lat' dir='ltr'>Agasieratidis</span> <span class='ocrx_word' id='word_1_105' title='bbox 1152 1695 1325 1763; x_wconf 79' lang='lat' dir='ltr'>Calaurino</span> <span class='ocrx_word' id='word_1_106' title='bbox 1348 1702 1381 1760; x_wconf 91' lang='lat' dir='ltr'>et</span> 
     </span>
     <span class='ocr_line' id='line_1_14' title="bbox 163 1798 671 1885; baseline 0.006 -23"><span class='ocrx_word' id='word_1_107' title='bbox 163 1798 310 1865; x_wconf 85' lang='lat' dir='ltr'>Theraeo</span> <span class='ocrx_word' id='word_1_108' title='bbox 333 1799 503 1885; x_wconf 82' lang='lat' dir='ltr'>Epictetae</span> <span class='ocrx_word' id='word_1_109' title='bbox 524 1800 671 1884; x_wconf 83' lang='lat' dir='ltr'>legimus.</span> 
     </span>
    </p>
   </div>
   <div class='ocr_carea' id='block_1_4' title="bbox 162 1917 1380 2105">
    <p class='ocr_par' dir='ltr' id='par_1_4' title="bbox 162 1917 1380 2105">
     <span class='ocr_line' id='line_1_15' title="bbox 162 1917 1380 2087; baseline 0 -102"><span class='ocrx_word' id='word_1_110' title='bbox 162 2020 183 2087; x_wconf 77' lang='lat' dir='ltr'>d</span> <span class='ocrx_word' id='word_1_111' title='bbox 249 1917 440 1985; x_wconf 80' lang='lat' dir='ltr'>Charondae</span> <span class='ocrx_word' id='word_1_112' title='bbox 479 1919 532 1985; x_wconf 88' lang='lat' dir='ltr'>lex</span> <span class='ocrx_word' id='word_1_113' title='bbox 571 1918 612 1985; x_wconf 93' lang='lat' dir='ltr'>de</span> <span class='ocrx_word' id='word_1_114' title='bbox 651 1918 799 2004; x_wconf 88' lang='lat' dir='ltr'>epieleris</span> <span class='ocrx_word' id='word_1_115' title='bbox 839 1918 960 2004; x_wconf 86' lang='lat' dir='ltr'>scripta</span> <span class='ocrx_word' id='word_1_116' title='bbox 1005 1920 1152 2005; x_wconf 88' lang='lat' dir='ltr'>paullum</span> <span class='ocrx_word' id='word_1_117' title='bbox 1190 1921 1232 1985; x_wconf 90' lang='lat' dir='ltr'>ab</span> <span class='ocrx_word' id='word_1_118' title='bbox 1270 1918 1380 1985; x_wconf 87' lang='lat' dir='ltr'>Attica</span> 
     </span>
     <span class='ocr_line' id='line_1_16' title="bbox 184 2021 315 2105; baseline 0.015 -20"><span class='ocrx_word' id='word_1_119' title='bbox 184 2021 270 2087; x_wconf 89' lang='lat' dir='ltr'>iffert</span> <span class='ocrx_word' id='word_1_120' title='bbox 281 2021 315 2105; x_wconf 83' lang='lat'>³).</span> 
     </span>
    </p>
   </div>
   <div class='ocr_carea' id='block_1_5' title="bbox 247 2160 1378 2246">
    <p class='ocr_par' dir='ltr' id='par_1_5' title="bbox 247 2160 1378 2246">
     <span class='ocr_line' id='line_1_17' title="bbox 247 2160 1378 2246; baseline 0.002 -20"><span class='ocrx_word' id='word_1_121' title='bbox 247 2160 386 2244; x_wconf 88' lang='lat' dir='ltr'>Spartae</span> <span class='ocrx_word' id='word_1_122' title='bbox 409 2161 460 2225; x_wconf 90' lang='lat' dir='ltr'>cui</span> <span class='ocrx_word' id='word_1_123' title='bbox 483 2160 667 2246; x_wconf 79' lang='grc' dir='ltr'>έπιπάματις</span> <span class='ocrx_word' id='word_1_124' title='bbox 700 2160 858 2244; x_wconf 82' lang='lat' dir='ltr'>obtingat,</span> <span class='ocrx_word' id='word_1_125' title='bbox 887 2160 1063 2244; x_wconf 84' lang='lat' dir='ltr'>antiquitus</span> <span class='ocrx_word' id='word_1_126' title='bbox 1092 2161 1223 2244; x_wconf 91' lang='lat' dir='ltr'>quidem</span> <span class='ocrx_word' id='word_1_127' title='bbox 1250 2162 1378 2245; x_wconf 84' lang='lat' dir='ltr'>legibus</span> 
     </span>
    </p>
   </div>
   <div class='ocr_carea' id='block_1_6' title="bbox 162 2238 1522 2348">
    <p class='ocr_par' dir='ltr' id='par_1_6' title="bbox 162 2238 1522 2348">
     <span class='ocr_line' id='line_1_18' title="bbox 162 2238 1522 2348; baseline 0.001 -21"><span class='ocrx_word' id='word_1_128' title='bbox 162 2262 358 2328; x_wconf 88' lang='lat' dir='ltr'>destinatum</span> <span class='ocrx_word' id='word_1_129' title='bbox 390 2263 491 2329; x_wconf 83' lang='lat' dir='ltr'>fuisse</span> <span class='ocrx_word' id='word_1_130' title='bbox 520 2283 560 2329; x_wconf 89' lang='lat' dir='ltr'>ex</span> <span class='ocrx_word' id='word_1_131' title='bbox 583 2265 657 2330; x_wconf 91' lang='lat' dir='ltr'>loco</span> <span class='ocrx_word' id='word_1_132' title='bbox 687 2263 873 2330; x_wconf 87' lang='lat' dir='ltr'>Aristotelis</span> <span class='ocrx_word' id='word_1_133' title='bbox 906 2263 1097 2348; x_wconf 84' lang='lat' dir='ltr'>efficitur⁴):</span> <span class='ocrx_word' id='word_1_134' title='bbox 1130 2271 1182 2331; x_wconf 81' lang='grc' dir='ltr'>νῦν</span> <span class='ocrx_word' id='word_1_135' title='bbox 1214 2260 1244 2329; x_wconf 76' lang='grc' dir='ltr'>δ’</span> <span class='ocrx_word' id='word_1_136' title='bbox 1280 2264 1378 2343; x_wconf 74' lang='grc' dir='ltr'>ἔξεστι</span> <span class='ocrx_word' id='word_1_137' title='bbox 1423 2310 1428 2319; x_wconf 59' lang='grc'>,</span> <span class='ocrx_word' id='word_1_138' title='bbox 1516 2238 1522 2249; x_wconf 51' lang='grc'><strong>’</strong></span> 
     </span>
    </p>
   </div>
   <div class='ocr_carea' id='block_1_7' title="bbox 162 2365 1440 3377">
    <p class='ocr_par' dir='ltr' id='par_1_7' title="bbox 162 2365 1440 3377">
     <span class='ocr_line' id='line_1_19' title="bbox 162 2365 1378 2454; baseline 0.002 -24"><span class='ocrx_word' id='word_1_139' title='bbox 162 2365 269 2431; x_wconf 84' lang='grc' dir='ltr'>δοῦναί</span> <span class='ocrx_word' id='word_1_140' title='bbox 279 2387 313 2430; x_wconf 83' lang='grc' dir='ltr'>τε</span> <span class='ocrx_word' id='word_1_141' title='bbox 324 2365 380 2452; x_wconf 70' lang='grc' dir='ltr'>τὴν</span> <span class='ocrx_word' id='word_1_142' title='bbox 395 2366 564 2452; x_wconf 75' lang='grc' dir='ltr'>ἐπίκληρον</span> <span class='ocrx_word' id='word_1_143' title='bbox 579 2365 640 2452; x_wconf 81' lang='grc' dir='ltr'>ὅτῳ</span> <span class='ocrx_word' id='word_1_144' title='bbox 657 2365 694 2434; x_wconf 82' lang='grc' dir='ltr'>ἂν</span> <span class='ocrx_word' id='word_1_145' title='bbox 709 2366 869 2454; x_wconf 77' lang='grc' dir='ltr'>βούληται,</span> <span class='ocrx_word' id='word_1_146' title='bbox 884 2365 945 2433; x_wconf 82' lang='grc' dir='ltr'>κᾶν</span> <span class='ocrx_word' id='word_1_147' title='bbox 960 2365 1108 2454; x_wconf 74' lang='grc' dir='ltr'>ἀποθάνῃ</span> <span class='ocrx_word' id='word_1_148' title='bbox 1125 2365 1168 2454; x_wconf 74' lang='grc' dir='ltr'>μὴ</span> <span class='ocrx_word' id='word_1_149' title='bbox 1185 2367 1378 2454; x_wconf 75' lang='grc' dir='ltr'>διαθέμενος,</span> 
     </span>
     <span class='ocr_line' id='line_1_20' title="bbox 163 2467 1377 2559; baseline 0.005 -25"><span class='ocrx_word' id='word_1_150' title='bbox 163 2467 197 2537; x_wconf 83' lang='grc' dir='ltr'>ὃν</span> <span class='ocrx_word' id='word_1_151' title='bbox 220 2467 257 2537; x_wconf 84' lang='grc' dir='ltr'>ἂν</span> <span class='ocrx_word' id='word_1_152' title='bbox 278 2469 437 2557; x_wconf 69' lang='grc' dir='ltr'>καταλίπῃ</span> <span class='ocrx_word' id='word_1_153' title='bbox 460 2469 665 2559; x_wconf 77' lang='grc' dir='ltr'>κληρονόμον,</span> <span class='ocrx_word' id='word_1_154' title='bbox 688 2469 778 2549; x_wconf 81' lang='grc' dir='ltr'>οὗτος</span> <span class='ocrx_word' id='word_1_155' title='bbox 800 2469 825 2557; x_wconf 79' lang='grc' dir='ltr'><em>ᾤ</em></span> <span class='ocrx_word' id='word_1_156' title='bbox 847 2469 884 2538; x_wconf 81' lang='grc' dir='ltr'>ἂν</span> <span class='ocrx_word' id='word_1_157' title='bbox 905 2469 988 2558; x_wconf 69' lang='grc' dir='ltr'>θέλμ</span> <span class='ocrx_word' id='word_1_158' title='bbox 1012 2470 1144 2537; x_wconf 80' lang='grc' dir='ltr'>δίδωσιν.</span> <span class='ocrx_word' id='word_1_159' title='bbox 1170 2509 1209 2518; x_wconf 95' lang='grc'><strong>-</strong></span> <span class='ocrx_word' id='word_1_160' title='bbox 1235 2472 1263 2537; x_wconf 82' lang='grc' dir='ltr'>Ε</span> <span class='ocrx_word' id='word_1_161' title='bbox 1285 2473 1377 2540; x_wconf 88' lang='lat' dir='ltr'>novis</span> 
     </span>
     <span class='ocr_line' id='line_1_21' title="bbox 162 2572 1376 2660; baseline 0.004 -23"><span class='ocrx_word' id='word_1_162' title='bbox 162 2575 259 2640; x_wconf 86' lang='lat' dir='ltr'>rebus</span> <span class='ocrx_word' id='word_1_163' title='bbox 280 2575 322 2639; x_wconf 90' lang='lat' dir='ltr'>ab</span> <span class='ocrx_word' id='word_1_164' title='bbox 337 2572 497 2660; x_wconf 83' lang='lat' dir='ltr'>Epitadeo</span> <span class='ocrx_word' id='word_1_165' title='bbox 518 2573 673 2639; x_wconf 84' lang='lat' dir='ltr'>institutis</span> <span class='ocrx_word' id='word_1_166' title='bbox 694 2573 780 2659; x_wconf 89' lang='lat' dir='ltr'>patri</span> <span class='ocrx_word' id='word_1_167' title='bbox 795 2573 883 2639; x_wconf 86' lang='lat' dir='ltr'>filiae</span> <span class='ocrx_word' id='word_1_168' title='bbox 894 2573 1009 2638; x_wconf 87' lang='lat' dir='ltr'>unicae</span> <span class='ocrx_word' id='word_1_169' title='bbox 1021 2572 1171 2639; x_wconf 87' lang='lat' dir='ltr'>heredem</span> <span class='ocrx_word' id='word_1_170' title='bbox 1184 2579 1376 2642; x_wconf 86' lang='lat' dir='ltr'>testamento</span> 
     </span>
     <span class='ocr_line' id='line_1_22' title="bbox 162 2669 1378 2762; baseline 0.002 -19"><span class='ocrx_word' id='word_1_171' title='bbox 162 2676 303 2743; x_wconf 86' lang='lat' dir='ltr'>scribere</span> <span class='ocrx_word' id='word_1_172' title='bbox 325 2677 459 2761; x_wconf 83' lang='lat' dir='ltr'>licebat,</span> <span class='ocrx_word' id='word_1_173' title='bbox 489 2676 544 2760; x_wconf 94' lang='lat' dir='ltr'>qui</span> <span class='ocrx_word' id='word_1_174' title='bbox 570 2676 671 2743; x_wconf 89' lang='lat' dir='ltr'>filiam</span> <span class='ocrx_word' id='word_1_175' title='bbox 692 2697 757 2742; x_wconf 91' lang='lat' dir='ltr'>non</span> <span class='ocrx_word' id='word_1_176' title='bbox 779 2675 922 2741; x_wconf 91' lang='lat' dir='ltr'>duceret.</span> <span class='ocrx_word' id='word_1_177' title='bbox 944 2713 987 2724; x_wconf 93' lang='lat'>—</span> <span class='ocrx_word' id='word_1_178' title='bbox 1009 2676 1193 2762; x_wconf 80' lang='lat' dir='ltr'>Gorgonem</span> <span class='ocrx_word' id='word_1_179' title='bbox 1215 2669 1378 2745; x_wconf 87' lang='lat' dir='ltr'>Leonidas</span> 
     </span>
     <span class='ocr_line' id='line_1_23' title="bbox 162 2778 1378 2865; baseline 0.002 -20"><span class='ocrx_word' id='word_1_180' title='bbox 162 2780 343 2845; x_wconf 81' lang='lat' dir='ltr'>Cleomenis</span> <span class='ocrx_word' id='word_1_181' title='bbox 364 2779 594 2846; x_wconf 87' lang='lat' dir='ltr'>hereditariam</span> <span class='ocrx_word' id='word_1_182' title='bbox 616 2799 735 2864; x_wconf 83' lang='lat' dir='ltr'>genere</span> <span class='ocrx_word' id='word_1_183' title='bbox 757 2780 922 2865; x_wconf 84' lang='lat' dir='ltr'>proximus</span> <span class='ocrx_word' id='word_1_184' title='bbox 945 2778 1046 2846; x_wconf 85' lang='lat' dir='ltr'>duxit.</span> <span class='ocrx_word' id='word_1_185' title='bbox 1096 2780 1313 2847; x_wconf 71' lang='lat' dir='ltr'>certaminum</span> <span class='ocrx_word' id='word_1_186' title='bbox 1336 2782 1378 2847; x_wconf 90' lang='lat' dir='ltr'>de</span> 
     </span>
     <span class='ocr_line' id='line_1_24' title="bbox 162 2881 1380 2968; baseline 0.004 -22"><span class='ocrx_word' id='word_1_187' title='bbox 162 2881 341 2968; x_wconf 80' lang='grc' dir='ltr'>έπικλήροις</span> <span class='ocrx_word' id='word_1_188' title='bbox 382 2889 565 2949; x_wconf 84' lang='lat' dir='ltr'>exortorum</span> <span class='ocrx_word' id='word_1_189' title='bbox 613 2902 708 2967; x_wconf 79' lang='lat' dir='ltr'>reges</span> <span class='ocrx_word' id='word_1_190' title='bbox 750 2889 842 2949; x_wconf 87' lang='lat' dir='ltr'>erant</span> <span class='ocrx_word' id='word_1_191' title='bbox 883 2882 1006 2949; x_wconf 85' lang='lat' dir='ltr'>iudices</span> <span class='ocrx_word' id='word_1_192' title='bbox 1049 2884 1131 2950; x_wconf 87' lang='lat' dir='ltr'>sicut</span> <span class='ocrx_word' id='word_1_193' title='bbox 1172 2882 1380 2951; x_wconf 83' lang='lat' dir='ltr'>Atheniensis</span> 
     </span>
     <span class='ocr_line' id='line_1_25' title="bbox 162 2984 1440 3078; baseline 0.001 -28"><span class='ocrx_word' id='word_1_194' title='bbox 162 2985 327 3068; x_wconf 55' lang='grc'><strong>1111111115).</strong></span> <span class='ocrx_word' id='word_1_195' title='bbox 381 2985 498 3050; x_wconf 79' lang='lat' dir='ltr'>Muller</span> <span class='ocrx_word' id='word_1_196' title='bbox 520 2990 552 3049; x_wconf 90' lang='lat' dir='ltr'>et</span> <span class='ocrx_word' id='word_1_197' title='bbox 572 2984 720 3070; x_wconf 82' lang='lat' dir='ltr'>Mallet⁶)</span> <span class='ocrx_word' id='word_1_198' title='bbox 752 2984 1045 3051; x_wconf 89' lang='lat' dir='ltr'>Lacedaemoniam</span> <span class='ocrx_word' id='word_1_199' title='bbox 1080 2985 1110 3051; x_wconf 93' lang='lat' dir='ltr'>ei</span> <span class='ocrx_word' id='word_1_200' title='bbox 1137 2988 1258 3052; x_wconf 91' lang='lat' dir='ltr'>nubere</span> <span class='ocrx_word' id='word_1_201' title='bbox 1291 2985 1380 3052; x_wconf 91' lang='lat' dir='ltr'>here·</span> <span class='ocrx_word' id='word_1_202' title='bbox 1435 3069 1440 3078; x_wconf 24' lang='grc'>1</span> 
     </span>
     <span class='ocr_line' id='line_1_26' title="bbox 162 3086 1376 3173; baseline 0.003 -22"><span class='ocrx_word' id='word_1_203' title='bbox 162 3086 314 3155; x_wconf 87' lang='lat' dir='ltr'>ditariam</span> <span class='ocrx_word' id='word_1_204' title='bbox 337 3087 488 3153; x_wconf 88' lang='lat' dir='ltr'>debuisse</span> <span class='ocrx_word' id='word_1_205' title='bbox 511 3086 717 3170; x_wconf 86' lang='lat' dir='ltr'>contendunt,</span> <span class='ocrx_word' id='word_1_206' title='bbox 740 3087 796 3169; x_wconf 90' lang='lat' dir='ltr'>qui</span> <span class='ocrx_word' id='word_1_207' title='bbox 817 3086 950 3153; x_wconf 90' lang='lat' dir='ltr'>heredio</span> <span class='ocrx_word' id='word_1_208' title='bbox 973 3088 1044 3173; x_wconf 87' lang='lat' dir='ltr'>ipse</span> <span class='ocrx_word' id='word_1_209' title='bbox 1065 3087 1151 3153; x_wconf 88' lang='lat' dir='ltr'>filius</span> <span class='ocrx_word' id='word_1_210' title='bbox 1173 3088 1276 3154; x_wconf 91' lang='lat' dir='ltr'>minor</span> <span class='ocrx_word' id='word_1_211' title='bbox 1297 3096 1376 3155; x_wconf 88' lang='lat' dir='ltr'>natu</span> 
     </span>
     <span class='ocr_line' id='line_1_27' title="bbox 163 3189 1380 3275; baseline 0.002 -20"><span class='ocrx_word' id='word_1_212' title='bbox 163 3196 296 3256; x_wconf 89' lang='lat' dir='ltr'>careret.</span> <span class='ocrx_word' id='word_1_213' title='bbox 340 3192 384 3255; x_wconf 88' lang='lat' dir='ltr'>At</span> <span class='ocrx_word' id='word_1_214' title='bbox 416 3190 544 3256; x_wconf 91' lang='lat' dir='ltr'>omnino</span> <span class='ocrx_word' id='word_1_215' title='bbox 577 3189 745 3273; x_wconf 90' lang='lat' dir='ltr'>ecquidem</span> <span class='ocrx_word' id='word_1_216' title='bbox 772 3190 946 3256; x_wconf 83' lang='lat' dir='ltr'>Jannetum</span> <span class='ocrx_word' id='word_1_217' title='bbox 978 3210 1103 3275; x_wconf 88' lang='lat' dir='ltr'>sequor,</span> <span class='ocrx_word' id='word_1_218' title='bbox 1137 3191 1192 3275; x_wconf 90' lang='lat' dir='ltr'>qni</span> <span class='ocrx_word' id='word_1_219' title='bbox 1224 3189 1380 3258; x_wconf 87' lang='lat' dir='ltr'>adversus</span> 
     </span>
     <span class='ocr_line' id='line_1_28' title="bbox 162 3292 1380 3377; baseline 0.002 -20"><span class='ocrx_word' id='word_1_220' title='bbox 162 3293 352 3360; x_wconf 88' lang='lat' dir='ltr'>Mansonem</span> <span class='ocrx_word' id='word_1_221' title='bbox 388 3299 421 3359; x_wconf 93' lang='lat' dir='ltr'>et</span> <span class='ocrx_word' id='word_1_222' title='bbox 455 3293 627 3359; x_wconf 79' lang='lat' dir='ltr'>Mltllernm</span> <span class='ocrx_word' id='word_1_223' title='bbox 669 3298 702 3359; x_wconf 92' lang='grc'>11</span> <span class='ocrx_word' id='word_1_224' title='bbox 736 3292 979 3359; x_wconf 87' lang='lat' dir='ltr'>Lachmannum</span> <span class='ocrx_word' id='word_1_225' title='bbox 1020 3293 1147 3377; x_wconf 82' lang='lat' dir='ltr'>legibus</span> <span class='ocrx_word' id='word_1_226' title='bbox 1189 3292 1380 3361; x_wconf 85' lang='lat' dir='ltr'>divisionem</span> 
     </span>
    </p>
   </div>
   <div class='ocr_carea' id='block_1_8' title="bbox 165 3503 367 3512">
    <p class='ocr_par' dir='ltr' id='par_1_8' title="bbox 165 3503 367 3512">
     <span class='ocr_line' id='line_1_29' title="bbox 165 3503 367 3512; baseline 0.01 -2"><span class='ocrx_word' id='word_1_227' title='bbox 165 3503 367 3512; x_wconf 75' lang='lat'>-——-—·--——</span> 
     </span>
    </p>
   </div>
   <div class='ocr_carea' id='block_1_9' title="bbox 162 3635 1389 4319">
    <p class='ocr_par' dir='ltr' id='par_1_9' title="bbox 210 3635 1359 3881">
     <span class='ocr_line' id='line_1_30' title="bbox 254 3635 521 3706; baseline 0 -15"><span class='ocrx_word' id='word_1_228' title='bbox 254 3636 274 3705; x_wconf 84' lang='lat'>¹)</span> <span class='ocrx_word' id='word_1_229' title='bbox 311 3635 425 3692; x_wconf 87' lang='lat' dir='ltr'>Schulin</span> <span class='ocrx_word' id='word_1_230' title='bbox 442 3653 461 3706; x_wconf 91' lang='lat' dir='ltr'>p</span> <span class='ocrx_word' id='word_1_231' title='bbox 479 3637 521 3691; x_wconf 81' lang='lat'>27.</span> 
     </span>
     <span class='ocr_line' id='line_1_31' title="bbox 251 3722 1359 3794; baseline 0.004 -17"><span class='ocrx_word' id='word_1_232' title='bbox 251 3722 274 3791; x_wconf 76' lang='lat'>²)</span> <span class='ocrx_word' id='word_1_233' title='bbox 310 3723 351 3778; x_wconf 89' lang='lat' dir='ltr'>sic</span> <span class='ocrx_word' id='word_1_234' title='bbox 369 3724 442 3777; x_wconf 88' lang='lat' dir='ltr'>enim</span> <span class='ocrx_word' id='word_1_235' title='bbox 461 3723 559 3793; x_wconf 90' lang='lat' dir='ltr'>optimi</span> <span class='ocrx_word' id='word_1_236' title='bbox 583 3725 706 3794; x_wconf 85' lang='lat' dir='ltr'>codices,</span> <span class='ocrx_word' id='word_1_237' title='bbox 724 3742 786 3779; x_wconf 91' lang='lat' dir='ltr'>cum</span> <span class='ocrx_word' id='word_1_238' title='bbox 806 3724 854 3779; x_wconf 88' lang='lat' dir='ltr'>alii</span> <span class='ocrx_word' id='word_1_239' title='bbox 871 3728 921 3778; x_wconf 86' lang='lat' dir='ltr'>aut</span> <span class='ocrx_word' id='word_1_240' title='bbox 939 3723 1025 3779; x_wconf 82' lang='lat' dir='ltr'><strong>GHIO</strong></span> <span class='ocrx_word' id='word_1_241' title='bbox 1044 3729 1093 3778; x_wconf 89' lang='lat' dir='ltr'>ant</span> <span class='ocrx_word' id='word_1_242' title='bbox 1111 3725 1181 3780; x_wconf 80' lang='lat'>000</span> <span class='ocrx_word' id='word_1_243' title='bbox 1201 3725 1359 3782; x_wconf 84' lang='lat' dir='ltr'>exhibeant.</span> 
     </span>
     <span class='ocr_line' id='line_1_32' title="bbox 210 3810 956 3881; baseline 0.001 -17"><span class='ocrx_word' id='word_1_244' title='bbox 210 3842 215 3853; x_wconf 87' lang='lat'>·</span> <span class='ocrx_word' id='word_1_245' title='bbox 252 3810 273 3876; x_wconf 77' lang='lat'>³)</span> <span class='ocrx_word' id='word_1_246' title='bbox 309 3810 385 3864; x_wconf 91' lang='lat' dir='ltr'>Diod</span> <span class='ocrx_word' id='word_1_247' title='bbox 402 3810 464 3879; x_wconf 89' lang='lat' dir='ltr'>XII,</span> <span class='ocrx_word' id='word_1_248' title='bbox 485 3810 531 3865; x_wconf 88' lang='lat'>18:</span> <span class='ocrx_word' id='word_1_249' title='bbox 550 3811 617 3867; x_wconf 85' lang='lat' dir='ltr'>vide</span> <span class='ocrx_word' id='word_1_250' title='bbox 636 3826 724 3881; x_wconf 87' lang='lat' dir='ltr'>supra</span> <span class='ocrx_word' id='word_1_251' title='bbox 741 3811 807 3881; x_wconf 84' lang='lat' dir='ltr'>p33</span> <span class='ocrx_word' id='word_1_252' title='bbox 825 3811 914 3866; x_wconf 88' lang='lat' dir='ltr'>adnot</span> <span class='ocrx_word' id='word_1_253' title='bbox 932 3813 956 3865; x_wconf 93' lang='grc'>1.</span> 
     </span>
    </p>

    <p class='ocr_par' dir='ltr' id='par_1_10' title="bbox 250 3896 1379 3968">
     <span class='ocr_line' id='line_1_33' title="bbox 250 3896 1379 3968; baseline 0.003 -18"><span class='ocrx_word' id='word_1_254' title='bbox 250 3898 273 3965; x_wconf 83' lang='lat'>⁴)</span> <span class='ocrx_word' id='word_1_255' title='bbox 309 3897 370 3966; x_wconf 88' lang='lat' dir='ltr'>Pol,</span> <span class='ocrx_word' id='word_1_256' title='bbox 388 3897 457 3967; x_wconf 86' lang='lat'>116,</span> <span class='ocrx_word' id='word_1_257' title='bbox 479 3899 519 3968; x_wconf 88' lang='lat' dir='ltr'>ll;</span> <span class='ocrx_word' id='word_1_258' title='bbox 538 3896 581 3952; x_wconf 86' lang='lat' dir='ltr'>cfr</span> <span class='ocrx_word' id='word_1_259' title='bbox 598 3898 715 3954; x_wconf 83' lang='lat' dir='ltr'>Foustel</span> <span class='ocrx_word' id='word_1_260' title='bbox 733 3901 768 3954; x_wconf 88' lang='lat' dir='ltr'>de</span> <span class='ocrx_word' id='word_1_261' title='bbox 787 3897 956 3968; x_wconf 80' lang='lat' dir='ltr'>Oculanges,</span> <span class='ocrx_word' id='word_1_262' title='bbox 968 3898 1061 3953; x_wconf 86' lang='lat' dir='ltr'>Journ</span> <span class='ocrx_word' id='word_1_263' title='bbox 1073 3899 1124 3953; x_wconf 86' lang='lat' dir='ltr'>des</span> <span class='ocrx_word' id='word_1_264' title='bbox 1137 3914 1190 3953; x_wconf 88' lang='lat' dir='ltr'>sav</span> <span class='ocrx_word' id='word_1_265' title='bbox 1208 3898 1307 3968; x_wconf 72' lang='lat' dir='ltr'>raeqp</span> <span class='ocrx_word' id='word_1_266' title='bbox 1320 3901 1379 3953; x_wconf 90' lang='grc'><strong>141.</strong></span> 
     </span>
    </p>

    <p class='ocr_par' dir='ltr' id='par_1_11' title="bbox 162 3984 1389 4227">
     <span class='ocr_line' id='line_1_34' title="bbox 252 3984 1379 4053; baseline 0.001 -16"><span class='ocrx_word' id='word_1_267' title='bbox 252 3985 273 4053; x_wconf 71' lang='lat'>⁶)</span> <span class='ocrx_word' id='word_1_268' title='bbox 309 3984 367 4038; x_wconf 90' lang='lat' dir='ltr'>Her</span> <span class='ocrx_word' id='word_1_269' title='bbox 384 3984 432 4052; x_wconf 89' lang='lat' dir='ltr'>VI,</span> <span class='ocrx_word' id='word_1_270' title='bbox 456 3985 509 4039; x_wconf 84' lang='lat'>57:</span> <span class='ocrx_word' id='word_1_271' title='bbox 534 3985 650 4051; x_wconf 74' lang='grc' dir='ltr'>δικάζειν</span> <span class='ocrx_word' id='word_1_272' title='bbox 672 3988 702 4038; x_wconf 80' lang='grc' dir='ltr'>δὲ</span> <span class='ocrx_word' id='word_1_273' title='bbox 726 3985 838 4053; x_wconf 75' lang='grc' dir='ltr'>μούνους</span> <span class='ocrx_word' id='word_1_274' title='bbox 860 3985 923 4048; x_wconf 82' lang='grc' dir='ltr'>τούς</span> <span class='ocrx_word' id='word_1_275' title='bbox 946 3987 1069 4050; x_wconf 83' lang='grc' dir='ltr'>βασιλέας</span> <span class='ocrx_word' id='word_1_276' title='bbox 1091 3985 1188 4037; x_wconf 70' lang='grc' dir='ltr'>τοσοίδε</span> <span class='ocrx_word' id='word_1_277' title='bbox 1212 3986 1306 4052; x_wconf 82' lang='grc' dir='ltr'>μοῦνα·</span> <span class='ocrx_word' id='word_1_278' title='bbox 1329 4003 1379 4038; x_wconf 85' lang='grc' dir='ltr'>πα·</span> 
     </span>
     <span class='ocr_line' id='line_1_35' title="bbox 162 4067 1389 4145; baseline -0.001 -20"><span class='ocrx_word' id='word_1_279' title='bbox 162 4071 277 4141; x_wconf 76' lang='grc' dir='ltr'>τροόχου</span> <span class='ocrx_word' id='word_1_280' title='bbox 304 4088 334 4123; x_wconf 81' lang='grc' dir='ltr'>τε</span> <span class='ocrx_word' id='word_1_281' title='bbox 360 4073 494 4138; x_wconf 64' lang='grc' dir='ltr'>παρθένου</span> <span class='ocrx_word' id='word_1_282' title='bbox 520 4076 587 4139; x_wconf 80' lang='grc' dir='ltr'>πέρι,</span> <span class='ocrx_word' id='word_1_283' title='bbox 617 4075 646 4137; x_wconf 81' lang='grc' dir='ltr'>ἐς</span> <span class='ocrx_word' id='word_1_284' title='bbox 672 4072 716 4125; x_wconf 86' lang='grc' dir='ltr'>τόν</span> <span class='ocrx_word' id='word_1_285' title='bbox 739 4075 854 4125; x_wconf 79' lang='grc' dir='ltr'>ἱκνέεται</span> <span class='ocrx_word' id='word_1_286' title='bbox 880 4074 957 4139; x_wconf 80' lang='grc' dir='ltr'>ἒχειν,</span> <span class='ocrx_word' id='word_1_287' title='bbox 979 4071 1012 4140; x_wconf 77' lang='grc' dir='ltr'>ἦν</span> <span class='ocrx_word' id='word_1_288' title='bbox 1036 4071 1125 4140; x_wconf 80' lang='grc' dir='ltr'>μήπερ</span> <span class='ocrx_word' id='word_1_289' title='bbox 1148 4069 1163 4123; x_wconf 84' lang='grc' dir='ltr'><em>ὁ</em></span> <span class='ocrx_word' id='word_1_290' title='bbox 1186 4071 1276 4140; x_wconf 77' lang='grc' dir='ltr'>πατὴρ</span> <span class='ocrx_word' id='word_1_291' title='bbox 1294 4067 1389 4145; x_wconf 74' lang='grc' dir='ltr'>αὐτὴνΙ</span> 
     </span>
     <span class='ocr_line' id='line_1_36' title="bbox 164 4159 364 4227; baseline 0.005 -2"><span class='ocrx_word' id='word_1_292' title='bbox 164 4159 281 4227; x_wconf 70' lang='lat' dir='ltr'>unia</span> <span class='ocrx_word' id='word_1_293' title='bbox 305 4159 364 4210; x_wconf 70' lang='grc' dir='ltr'>κτλ·</span> 
     </span>
    </p>

    <p class='ocr_par' dir='ltr' id='par_1_12' title="bbox 251 4243 1379 4319">
     <span class='ocr_line' id='line_1_37' title="bbox 251 4243 1379 4319; baseline 0.005 -20"><span class='ocrx_word' id='word_1_294' title='bbox 251 4246 271 4313; x_wconf 87' lang='lat'>⁶)</span> <span class='ocrx_word' id='word_1_295' title='bbox 307 4244 413 4314; x_wconf 82' lang='grc'><strong>11111111,</strong></span> <span class='ocrx_word' id='word_1_296' title='bbox 430 4244 551 4299; x_wconf 74' lang='lat' dir='ltr'>Dorier²</span> <span class='ocrx_word' id='word_1_297' title='bbox 568 4246 604 4317; x_wconf 89' lang='lat'>11,</span> <span class='ocrx_word' id='word_1_298' title='bbox 624 4247 687 4318; x_wconf 81' lang='lat'>1943</span> <span class='ocrx_word' id='word_1_299' title='bbox 706 4245 810 4315; x_wconf 74' lang='lat' dir='ltr'>Malloi,</span> <span class='ocrx_word' id='word_1_300' title='bbox 828 4246 870 4300; x_wconf 88' lang='lat' dir='ltr'>La</span> <span class='ocrx_word' id='word_1_301' title='bbox 891 4262 981 4319; x_wconf 88' lang='lat' dir='ltr'>propr</span> <span class='ocrx_word' id='word_1_302' title='bbox 1004 4243 1071 4304; x_wconf 79' lang='lat' dir='ltr'>fone</span> <span class='ocrx_word' id='word_1_303' title='bbox 1089 4246 1107 4302; x_wconf 71' lang='lat' dir='ltr'>a</span> <span class='ocrx_word' id='word_1_304' title='bbox 1125 4244 1242 4319; x_wconf 85' lang='lat' dir='ltr'>Sparte:</span> <span class='ocrx_word' id='word_1_305' title='bbox 1261 4245 1325 4302; x_wconf 81' lang='lat' dir='ltr'>Rev</span> <span class='ocrx_word' id='word_1_306' title='bbox 1343 4245 1379 4305; x_wconf 81' lang='lat' dir='ltr'>de</span> 
     </span>
    </p>
   </div>
   <div class='ocr_carea' id='block_1_10' title="bbox 163 4330 439 4401">
    <p class='ocr_par' dir='ltr' id='par_1_13' title="bbox 163 4330 439 4401">
     <span class='ocr_line' id='line_1_38' title="bbox 163 4330 439 4401; baseline 0 -15"><span class='ocrx_word' id='word_1_307' title='bbox 163 4330 253 4386; x_wconf 86' lang='lat' dir='ltr'>l&#39;instr</span> <span class='ocrx_word' id='word_1_308' title='bbox 269 4332 360 4401; x_wconf 76' lang='lat' dir='ltr'>xxss,</span> <span class='ocrx_word' id='word_1_309' title='bbox 379 4331 439 4386; x_wconf 81' lang='lat'><strong>247.</strong></span> 
     </span>
    </p>
   </div>
   <div class='ocr_carea' id='block_1_11' title="bbox 0 0 1577 4950">
    <p class='ocr_par' dir='ltr' id='par_1_14' title="bbox 0 0 1577 4950">
     <span class='ocr_line' id='line_1_39' title="bbox 0 0 1577 4950; baseline 0 0"><span class='ocrx_word' id='word_1_310' title='bbox 0 0 1577 4950; x_wconf 95' lang='lat' dir='ltr'> </span> 
     </span>
    </p>
   </div>
  </div>
 </body>
</html>
