3142 4950
813 313 852 377 18

219 522 316 588 situm
331 528 429 605 emat,
452 521 596 587 mulieris
611 521 712 589 trater
726 519 856 586 nomine
869 518 1064 586 Pachnumis
1086 518 1311 588 auctoritatem
1325 519 1439 602 kyrios

220 624 394 710 interponit
407 624 443 709 ι);

262 725 442 814 Θινζμεπιύς
465 724 543 815 μετά
564 726 672 810 κυρίου
694 732 748 791 τοῦ
770 724 963 813 ὁμοπατρίου
986 723 1206 812 μουάδελφού
1226 724 1437 813 Παχνούμιοςε

220 832 275 915 qui
297 831 330 897 in
345 829 541 916 perficiendo
555 829 684 913 negotio
700 830 771 915 ipse
786 850 850 895 non
866 829 976 896 adest:
1000 829 1079 912 μετά
1093 829 1202 915 κυρίου
1220 828 1256 895 ού
1278 828 1438 915 παρόντος.

219 934 336 1000 Mulier
358 953 450 1000 suurn
473 933 575 1018 ipsius
607 953 725 999 nomen
746 933 958 998 instrumento
991 938 1082 998 notat
1109 938 1166 997 aut
1192 953 1251 1017 per
1273 933 1439 1000 Socratem

220 1037 326 1102 notari
348 1037 438 1103 iubet
471 1041 645 1122 propterea
678 1033 766 1118 quod
799 1035 941 1101 scrihere
973 1035 1077 1101 nescit
1110 1035 1173 1114 (διὰ
1199 1035 1234 1100 τὸ
1261 1035 1305 1122 μὴ
1329 1034 1440 1103 εἰδέναι

222 1138 318 1226 αύτήν
339 1138 532 1226 γράμματα),
556 1145 588 1206 et
602 1138 753 1223 legimus:
778 1136 917 1224 ἐώνημαι
931 1136 1043 1215 καθώς
1063 1136 1281 1224 πρόςκειταιί).
1315 1140 1440 1205 Tamen

222 1244 320 1309 etiam
340 1243 374 1308 in
397 1242 608 1327 Aegyptiacis
629 1242 746 1308 litteris
767 1241 943 1307 invenitur:

264 1345 498 1432 προηνέγκαντο
520 1345 607 1431 παρά
628 1343 782 1432 Λοβάϊτος
803 1350 859 1430 τῆς
876 1342 1006 1429 Ἐριὲως
1028 1343 1188 1429 ἐωνῆσθαι
1199 1344 1235 1428 ³),

223 1470 296 1516 oum
318 1449 371 1515 hic
393 1450 508 1515 tutoris
529 1448 600 1514 ficri
621 1448 815 1514 mentionem
837 1465 969 1533 prorsus
991 1444 1071 1510 nihil
1093 1446 1229 1512 intersit.

307 1568 471 1654 Empticni
504 1567 618 1634 similis
651 1566 822 1635 conductio
852 1572 915 1633 est:
949 1586 990 1631 ne
1017 1565 1102 1633 hanc
1138 1567 1268 1650 quidem
1301 1566 1441 1634 temtnae

224 1671 381 1738 conficere
402 1670 488 1736 licet.
538 1671 628 1737 Unus
656 1676 763 1737 exstat
790 1670 903 1736 titulus
931 1690 995 1735 non
1021 1672 1156 1753 integer,
1189 1671 1243 1754 qui
1271 1669 1379 1756 Olymi
1407 1671 1442 1735 in

223 1773 342 1860 oppido
372 1773 489 1839 Cariae
521 1773 671 1839 inventus
703 1773 834 1839 nomina
867 1773 994 1839 Graeca
1020 1792 1084 1838 non
1117 1774 1263 1840 Romana
1295 1772 1395 1840 habet
1405 1774 1440 1854 ⁴).

223 1877 274 1942 De
296 1876 399 1943 sacris
420 1878 535 1960 agitur.
579 1874 733 1959 Legimus
753 1875 851 1942 haec:

266 1978 427 2065 παρούσης
463 1978 519 2065 τῆς
554 1979 651 2056 δεῖνος
682 1984 738 2064 τῆς
767 1976 998 2065 Ἀσκληπιάδου
1032 1976 1110 2065 μετά
1142 1977 1251 2063 κυρίου
1284 1978 1339 2042 τού
1371 1978 1438 2043 υίού

263 2082 459 2169 Ἀριστίππου
481 2083 535 2147 τοῦ
558 2080 687 2147 Φανίου.

402 2312 436 2386 2.
490 2308 555 2382 De
582 2307 731 2382 dando
759 2307 1078 2407 sumendoque
1104 2319 1273 2382 mutuo.

309 2463 352 2527 Et
378 2462 411 2527 in
445 2461 552 2529 dando
586 2468 695 2529 mutuo
730 2468 762 2529 ct
796 2463 830 2528 in
864 2463 1019 2530 sumendo
1052 2484 1133 2547 opus
1166 2470 1216 2530 est
1248 2463 1442 2532 auctoritate

225 2567 350 2633 tutoris.
413 2565 567 2633 Nicarcta
611 2565 742 2649 quidem
780 2567 941 2652 Thespias
991 2566 1114 2633 civitati
1156 2566 1440 2634 Orchomeniorum

227 2668 452 2735 drachmarum
476 2670 603 2735 circiter
624 2667 738 2735 XVlIl
760 2669 851 2735 milia
874 2669 986 2736 credit.
1037 2670 1225 2755 Complures
1248 2677 1377 2737 exstant
1399 2671 1441 2736 de

226 2773 283 2838 illo
305 2772 435 2855 negotio
458 2773 543 2838 tituli
552 2773 588 2853 ⁶).
631 2774 669 2838 In
683 2794 704 2837 v
718 2772 759 2838 62
775 2792 836 2856 sqq
848 2773 914 2858 (D),
937 2772 1053 2855 quibus
1068 2779 1219 2857 quattuor
1233 2773 1442 2858 pensionibus
1565 2801 1566 2812 ¹

227 2875 348 2941 femina
370 2896 529 2942 summam
552 2876 651 2960 dedit,
675 2895 734 2942 eae
757 2881 998 2941 enumerantur:
1565 2875 1566 2902 ί

270 2979 444 3064 Ξενοκρίτου
455 2978 694 3065 Ἀλαλκομενίαν·
723 2978 883 3065 Νικαρὲτα
898 2976 1022 3056 Θέωνος
1036 2979 1090 3056 τάς
1104 2976 1210 3055 πόλιος
1228 2975 1441 3065 Ἐρχομενίων

269 3082 313 3167 κή
335 3088 378 3147 τῶ
401 3081 522 3169 ἐγγούω
545 3081 663 3161 Θίωνος
684 3081 831 3169 Συννύμω
858 3079 898 3146 τά
925 3079 1073 3168 γράματα
1101 3083 1212 3167 μούριη
1240 3080 1441 3167 ὀγδοείκοντα

270 3184 360 3250 πέντε
382 3185 448 3249 διού
471 3183 586 3272 ὀβολίω
608 3183 652 3271 κὴ
674 3185 718 3250 τῶ
739 3184 861 3271 τεθμίω
877 3184 997 3270 Ρίστωρ
1017 3183 1219 3270 Ἀριστόνικος
1233 3183 1439 3270 Πραξιτὲλιος,

315 3457 338 3524 ¹)
372 3457 426 3512 Hic
453 3461 498 3512 est
523 3472 650 3529 papyrus
677 3457 844 3513 Oasatinus:
872 3458 916 3514 cfr
943 3457 1070 3514 Schmidt
1095 3459 1105 3513 l
1127 3460 1138 3514 l
1164 3464 1193 3514 et
1211 3458 1367 3530 Oaillcmer,
1385 3461 1441 3515 Les

226 3559 354 3615 papyrus
371 3561 391 3613 p
408 3545 442 3598 22
462 3560 504 3614 sq.

314 3631 340 3697 ²)
376 3630 427 3686 Cfr
452 3632 488 3687 de
519 3632 573 3687 hac
605 3649 637 3687 ra
668 3630 795 3688 Schmidt
827 3650 846 3702 p
873 3632 925 3687 287
954 3637 983 3688 ct
1015 3633 1240 3689 manumissionis
1263 3634 1374 3689 titulum
1404 3633 1440 3689 ab

227 3717 418 3787 Amphissana
437 3718 533 3774 factae
545 3719 608 3774 Bull
627 3720 663 3774 de
682 3735 748 3774 corr
765 3719 821 3774 hell
841 3719 916 3788 1881,
934 3737 953 3790 p
971 3721 1036 3774 451:

261 3804 446 3873 Χειρόγραφον
474 3806 642 3873 Κριτοδάμου
671 3808 813 3872 Δωροθέου
842 3809 944 3873 Δελφοῦ
968 3805 1034 3873 ύπὲρ
1057 3806 1185 3874 Ζωπύρου
1208 3808 1360 3875 Μενάνδρου
1373 3824 1380 3837 ·
1393 3824 1400 3838 ·
1414 3825 1441 3838 ··

258 3886 410 3959 Ἀμφισσίοα
434 3895 571 3959 παροῦσαν
591 3895 640 3945 καί
662 3892 826 3945 κελεύουσαν
847 3893 958 3961 γράφειν
980 3891 1047 3960 ύπὲρ
1070 3889 1161 3960 αύτάν,
1185 3898 1243 3947 ἐπεὶ
1260 3898 1353 3962 ἔλεγεν
1371 3891 1441 3948 αύτά

261 3978 407 4046 γράμματα
425 3978 460 4047 μὴ
480 3982 584 4032 εἰδέναι.
602 3974 719 4032 άπέοοτο
737 3980 852 4047 Ζωπύρα
868 3980 1020 4048 Μενάνδρου
1030 3976 1161 4047 Ἀμφισσίς
1174 3982 1211 4049 τῷ
1220 3977 1368 4050 Ἀσκλαπιῷ
1380 3986 1440 4038 κτλ.

316 4066 336 4135 ³)
372 4065 399 4120 A
417 4066 539 4136 Peyron,
557 4065 618 4135 Pap
637 4064 739 4123 Graeci
757 4067 866 4122 Taurin
883 4068 944 4123 llus
962 4069 976 4122 I
993 4085 1012 4137 p
1030 4067 1072 4122 26.

312 4152 336 4219 ⁴)
371 4153 412 4207 Le
430 4152 497 4222 Bas,
514 4152 584 4207 Asis
602 4153 659 4207 min
675 4154 701 4210 N
718 4154 805 4224 32314.

226 4326 250 4380 B
308 4239 363 4380 ΡΝ
375 4238 509 4379 pponam,
534 4239 600 4294 Bull
625 4241 661 4297 de
688 4257 754 4298 ocrr
779 4241 836 4297 hell
862 4241 903 4297 111
931 4246 960 4298 et
985 4242 1034 4298 IV.
1069 4241 1194 4313 Larfeld,
1222 4241 1337 4314 Sylloge
1360 4244 1442 4299 Inscr

252 4340 306 4381 oco
416 4368 422 4381 .
