3142 4950
836 333 877 399 52

750 428 954 436 m

532 614 607 698 lv.
661 613 725 696 Do
751 610 853 694 lure
880 609 1171 695 hereditario.

518 768 554 836 Α.
604 767 647 837 fle
674 766 865 837 testamenti
894 764 1039 836 faotione
1066 766 1186 836 aetina.

335 905 431 992 Apud
453 908 615 973 Romanos
638 907 729 972 nulla
752 912 802 971 est
817 904 944 970 mulieri
965 903 1065 971 faotio
1087 907 1282 990 testamenti,
1305 912 1340 971 ut
1355 908 1472 991 agnati

247 1030 288 1075 ne
309 1010 475 1095 priventur
497 1009 693 1077 hereditate:
729 1031 768 1075 ao
791 1028 832 1074 ne
861 1008 958 1073 tutori
991 1007 1120 1091 quidem
1153 1009 1231 1074 lioet
1262 1009 1471 1095 interponere

247 1114 483 1196 auctoritatem,
516 1113 607 1179 ouius
640 1112 701 1179 hoo
733 1113 839 1198 ipsum
873 1112 915 1176 sit
948 1131 1074 1195 cavere,
1107 1131 1148 1176 ne
1182 1111 1259 1194 quid
1283 1111 1471 1178 detrimenti

247 1216 379 1301 sapiant
399 1215 536 1299 legitimi
555 1215 702 1281 heredes.
747 1215 798 1280 Ea
820 1213 1056 1298 tantummodo,
1078 1234 1162 1298 quae
1185 1214 1302 1300 eapitis
1324 1214 1470 1281 deminu-

246 1319 367 1384 tionem
390 1318 525 1404 aooepit,
561 1318 735 1385 santionem
767 1317 868 1384 hahet
900 1317 1085 1384 testamenti
1114 1323 1289 1402 propterea
1311 1319 1397 1401 quod
1418 1320 1470 1386 ita

247 1421 412 1488 hereditas
441 1429 632 1505 agnatorum
660 1423 790 1488 sublata
817 1419 989 1501 videtur1).
1043 1420 1250 1486 Atheniensis
1278 1420 1398 1488 femina
1423 1423 1470 1488 ab

247 1525 395 1591 omnibus
416 1531 554 1608 negatur
575 1524 749 1590 factionem
771 1524 958 1589 testamenti
980 1523 1110 1607 hahere,
1134 1543 1206 1589 oum
1227 1522 1317 1609 apud
1336 1525 1469 1590 Isaeum

246 1628 328 1693 haee
349 1628 451 1693 rerba
472 1633 601 1694 exstent
623 1627 681 1713 (X,
696 1628 763 1706 10):
786 1625 895 1705 παιδὸς
916 1625 978 1713 γὰρ
1001 1620 1060 1691 οὐκ
1082 1626 1180 1706 ἔξεστι
1202 1625 1363 1713 διαθήκην
1383 1628 1469 1712 γενέ-

249 1730 334 1796 σθαι·
358 1723 374 1794 ὃ
396 1730 458 1816 γὰρ
480 1729 572 1816 νόμος
605 1728 776 1816 διαρρήδην
809 1728 924 1794 κωλύει
956 1730 1042 1794 παιδί
1075 1730 1119 1815 μὴ
1148 1729 1258 1809 ἐξεῖναι
1280 1728 1469 1817 συμβάλλειν

249 1834 330 1919 μηδὲ
350 1835 473 1920 γυναικί
493 1832 575 1918 πίρα
598 1833 742 1919 μεδίμνου
770 1833 900 1918 κριθῶν.
946 1832 1111 1915 Obligatio
1134 1852 1206 1898 esse
1238 1839 1468 1900 testamentum

247 1935 368 2002 oratori
399 1934 536 2002 videtur.
597 1936 717 2002 Jannet
756 1956 839 2001 unus
851 1935 874 2019 ²)
913 1938 948 2000 in
990 1936 1185 2002 contrariam
1227 1942 1354 2022 partem
1396 1938 1468 2003 abit

248 2036 497 2103 Demosthenioo
530 2039 601 2104 looo
634 2058 711 2104 usus
746 2037 913 2122 (XXXVI,
938 2039 1006 2122 14):
1040 2035 1074 2103 δν
1103 2039 1159 2124 μὲν
1186 2038 1286 2104 τοίνυν
1306 2038 1465 2126 χρόνονὴ

249 2139 352 2227 μήτηρ
374 2140 430 2226 ἔζη
454 2137 475 2226 ἡ
498 2138 599 2206 πάντα
619 2138 703 2206 ταῦτ’
727 2137 864 2228 ἀκριβῶς
897 2142 1004 2224 εἰδυῖα,
1038 2139 1128 2207 οὐδὲν
1160 2141 1307 2228 ἔγκλημα
1339 2141 1467 2208 πώποτε

249 2242 419 2329 ἐποιήσατο
442 2242 519 2329 πρὸς
540 2245 659 2309 τουτονί
681 2243 851 2331 Φορμίωνα
868 2236 1111 2329 Ἀπολλόδωρος·
1141 2236 1182 2322 ὥς
1210 2239 1240 2309 δ’
1267 2242 1469 2330 ἐτελεύτησεν

248 2346 362 2432 ἐκείνη,
391 2347 560 2433 τρισχιλίας
593 2346 767 2433 ἐγκαλέσας
801 2341 948 2434 ἀργυρίου
982 2347 1126 2433 δραχμὰς
1158 2343 1235 2432 πρὸς
1268 2347 1316 2425 αίς
1348 2348 1468 2414 ἔδωκεν

248 2450 352 2537 ἐκείνη
386 2449 547 2537 δισχιλίαις
578 2459 641 2530 τοῖς
673 2449 782 2518 τούτου
816 2452 962 2534 παιδίοις,
1000 2453 1056 2515 καί
1092 2451 1275 2537 χιτωνίσκον
1312 2450 1379 2517 τινὰ
1411 2455 1468 2518 καὶ

247 2552 451 2638 θεράπαιναν,
474 2554 685 2640 ἐσυκοφάντει.
736 2553 807 2633 Quo
837 2557 908 2621 looo
941 2574 1013 2620 oum
1036 2553 1245 2641 Caillemer³)
1267 2554 1468 2640 Archippam

248 2655 349 2723 faeiat
370 2662 543 2743 petentem,
570 2663 606 2723 ut
628 2657 767 2724 heredes
794 2658 906 2723 liberis
927 2655 1118 2743 Apollodori
1146 2655 1210 2723 duo
1239 2657 1331 2723 milia
1352 2656 1469 2724 draoh-

248 2778 373 2824 marum
396 2757 516 2825 donent
538 2779 556 2825 e
578 2779 614 2824 re
635 2760 804 2827 familiari:
833 2760 998 2841 Sohulin⁴)
1020 2760 1206 2825 Darestium
1228 2760 1468 2843 quodammodo

249 2868 379 2927 secutus
390 2861 413 2943 ⁶)
435 2863 536 2927 verba
556 2870 619 2940 τοῖς
639 2861 749 2927 τούτου
770 2861 902 2939 παιδίοις
924 2860 967 2927 ad
989 2862 1110 2927 liberos
1131 2861 1333 2929 Phormionis
1361 2864 1470 2931 minus

248 2971 335 3030 reate
357 2965 464 3049 refert,
488 2985 585 3049 quam
607 2965 691 3030 inter
712 2966 803 3031 vivos
818 2963 1025 3031 donatiouem
1047 2964 1159 3029 statuit
1173 2964 1283 3032 fuisse.
1305 2966 1468 3050 Legatum

249 3067 346 3134 soribi
358 3068 549 3135 Thalheimo
560 3067 697 3153 videtur,
710 3068 797 3153 quod
808 3067 939 3152 quidem
951 3068 992 3133 ab
1005 3068 1136 3133 arbitris
1147 3088 1211 3134 non
1223 3069 1425 3135 confirmetur
1432 3070 1471 3157 ⁶).

248 3170 362 3235 Restat
372 3175 408 3234 ut
419 3170 560 3236 Bunseni
575 3170 776 3256 proteramus
791 3170 984 3235 sententiam
1000 3169 1064 3251 qui,
1080 3189 1152 3235 oum
1167 3170 1266 3237 factio
1281 3176 1472 3239 testamenti

249 3273 340 3338 nulla
355 3273 397 3338 sit
411 3273 607 3358 mulieribus,
630 3274 773 3357 legatum
785 3273 926 3339 seribere
941 3272 981 3337 iis
997 3271 1096 3337 lioere
1111 3273 1152 3338 e'x
1167 3272 1227 3338 hoo
1240 3272 1472 3343 Demosthenis

248 3376 321 3443 looo
344 3376 452 3442 efficit.

331 3479 499 3545 Muliebris
520 3479 642 3545 tutelae
675 3481 826 3562 quoniam
860 3476 948 3563 apud
970 3476 1114 3543 Graecos
1145 3498 1209 3544 non
1232 3478 1346 3544 eadem
1368 3485 1474 3562 atque

249 3581 337 3668 apud
358 3582 520 3648 Romanos
542 3587 658 3647 natura
681 3586 739 3666 est,
762 3579 851 3645 haud
864 3578 939 3646 ideo
961 3580 1089 3646 feminis
1105 3579 1355 3648 Atheniensibus
1375 3584 1476 3654 nulla

338 3821 357 3890 l)
393 3820 466 3875 (lide
483 3837 503 3889 p
523 3819 581 3874 121.

335 3908 357 3977 ’ί
392 3908 482 3977 ρ136
501 3907 589 3961 adnot
611 3908 633 3960 Ι.

337 3995 357 4065 ³)
393 3996 433 4048 Le
452 3993 529 4047 droit
547 3992 583 4048 de
602 3996 692 4047 tester
711 3994 729 4046 a
751 3991 893 4049 Atheneo:
929 3994 1077 4050 Annuaire
1093 4010 1168 4063 pour
1185 3995 1310 4051 l‘enoour
1328 3994 1379 4050 des
1398 3998 1477 4057 etnd

249 4079 660 4240 greoqdesllddodrledhgffest
677 4170 758 4239 vergl
776 4169 826 4223 mit
844 4169 863 4224 d
881 4174 941 4225 rdm
959 4187 977 4238 p
999 4171 1039 4224 ll.

338 4257 359 4325 ο)
394 4256 451 4311 Les
468 4257 546 4326 plaid
565 4256 612 4330 cip
629 4256 665 4312 de
683 4255 821 4313 Demosth
839 4257 873 4324 11,
896 4256 950 4312 167.

339 4342 359 4417 ⁶)
395 4342 503 4418 Antiqu
522 4341 568 4399 ior
585 4359 604 4418 p
623 4343 657 4399 62
675 4343 765 4402 adnot
782 4343 807 4399 2.
