3142 4950
729 320 749 384 9

638 410 840 420 ...ψ-Μ

136 532 165 597 si
185 537 260 616 post
280 531 388 598 mariti
410 536 545 596 mortem
568 536 624 595 aut
646 527 783 596 divortio
805 529 892 595 faoto
914 529 948 594 in
970 548 1062 594 suam
1083 526 1239 592 familiam
1255 524 1349 608 redit,

134 634 300 718 proximus
333 654 452 718 genere
484 634 590 699 denuo
616 637 703 699 tutor
730 632 812 718 fit¹):
846 632 896 705 sin
923 637 1031 698 autem
1057 631 1092 696 in
1119 629 1214 697 domo
1242 627 1350 693 mariti

133 736 251 803 mortui
272 736 372 802 vidua
393 741 512 820 manet,
535 736 569 801 in
590 734 728 802 filiorum
750 737 887 803 tutelam
909 734 1055 821 pervenit
1076 739 1133 798 aut
1153 733 1188 797 in
1210 731 1279 799 eins
1293 729 1349 813 qui

135 838 301 926 epitropos
323 839 412 923 σοι’).
434 874 475 887 -
497 839 548 905 De
569 838 666 904 rebus
688 838 938 905 Atheniensibus
959 838 1125 927 haetenus.

220 959 362 1044 Amorgi]
393 959 427 1025 in
454 959 561 1025 insula
587 959 699 1026 Ionioa
726 959 853 1025 mulieri
879 964 1001 1044 nuptae
1027 957 1112 1024 alius
1138 955 1251 1041 kyrios
1278 974 1350 1023 esse

57 1134 61 1141 ,
135 1083 182 1166 ου.
198 1062 332 1128 maritus
354 1061 545 1128 Thalheimo
568 1061 734 1147 videtur³)‚
758 1063 814 1147 qui
835 1062 937 1128 titulis
958 1061 1070 1127 nititur
1092 1060 1231 1127 duobus:

165 1180 258 1267 Ὄρος
284 1182 430 1268 χωρίων·
447 1202 454 1218 ·
472 1202 506 1222 ··
528 1203 574 1268 ρει
606 1185 661 1248 καὶ
694 1183 794 1262 οίκίας
821 1185 877 1248 καί
903 1181 1039 1268 κίηπων)
1066 1182 1126 1249 τῶν
1159 1179 1349 1257 Ξενοκλέους

177 1287 252 1370 τῶ(ν
273 1285 435 1372 κει)μὲνων
458 1286 496 1372 ἐμ
518 1285 690 1374 Φυλινχείομ
712 1289 768 1352 καί
793 1294 854 1353 τῶν
882 1286 1066 1373 ἐπικυρβίων
1093 1283 1248 1370 ἐνεχύρων
1275 1282 1350 1348 ὑπο-

176 1388 324 1475 κειμένων
336 1388 607 1476 συνεπιχωρουσης
621 1397 677 1477 ιης
690 1389 837 1478 γυναικὸς
850 1387 1087 1475 Ἐρατοκροίιης
1101 1390 1156 1452 καί
1170 1394 1225 1453 τοῦ
1240 1387 1349 1472 κυρίου

175 1491 372 1578 Βρουκίωνος
402 1493 483 1577 τῶίι)
506 1492 642 1579 ἐράνίωμ
667 1497 723 1560 καί
746 1488 951 1580 Ἀρισταγόρᾳ
978 1493 1022 1579 τῶ
1049 1489 1213 1577 ἄρχεροίνιμ
1235 1491 1350 1575 καλιῇ

176 1597 298 1681 γυναικί
331 1594 426 1661 αὐτοῦ
454 1618 527 1682 εχεν
560 1596 691 1683 (ἐχεινί)
724 1596 802 1683 πρὸς
832 1596 890 1682 την
923 1594 1037 1681 ἐγγυαν
1070 1592 1110 1680 ἣν
1143 1591 1349 1679 ἐγ(ροίψαί)το

176 1697 336 1784 Ξενοκλῆν
372 1706 427 1764 τοῦ
468 1699 596 1785 ἐροίνοίυ
636 1698 681 1784 ὃν)
714 1699 873 1779 συνέλεξεν
902 1695 1133 1783 Ἀρισταγόραίς
1165 1694 1262 1780 κα)τά
1297 1694 1350 1761 τὸν

174 1800 268 1889 νόμον
289 1802 350 1868 τῶν
372 1801 605 1888 spondebo).

171 1917 249 1986 Ἐπ’
267 1921 418 2008 ἄρχοντος
433 1921 658 2008 Φανοκροίτους
673 1922 768 2009 μηνὸς
785 1917 1045 2008 Ἀνθεστηριῶνος
1060 1919 1195 1986 ἀπέδοτο
1210 1918 1356 2005 Νικηρα-ι

176 2045 228 2103 τος
250 2014 307 2089 καί
321 2019 505 2111 Ἥγεκροίτη
528 2028 584 2090 καί
606 2024 623 2090 ὁ
638 2024 744 2111 κύριος
760 2025 925 2103 Τελένικος
939 2024 1136 2110 Κτησιφῶντι
1150 2022 1199 2088 Πυ
1216 2043 1223 2058 ·
1240 2043 1247 2057 ·
1265 2043 1273 2058 ·
1288 2044 1349 2087 που

175 2127 215 2192 τοὶ
247 2128 350 2213 χωρία
371 2131 427 2192 καί
447 2129 504 2214 την
527 2129 626 2194 οἰκίαν
647 2130 703 2192 καί
723 2126 775 2194 τὸν
797 2128 936 2214 κέραμον
957 2125 1058 2194 πάντα
1081 2125 1102 2190 ἃ
1124 2128 1191 2212 ἔχει
1213 2124 1351 2211 διελόμε-

176 2252 227 2307 νος
258 2229 439 2318 Νικήρατος
471 2231 547 2316 πρὸς
575 2230 627 2297 τὸν
655 2229 792 2316 ἀδελφὸν
820 2223 956 2316 Ἀνοίνην
985 2228 1025 2315 (ί)
1058 2232 1113 2293 καί
1138 2227 1178 2294 τοὶ
1205 2225 1352 2314 χωρίαοῖ

179 2334 308 2418 ἐπρίατο
341 2333 520 2420 Νικήρατος
552 2333 624 2420 παρ’
654 2333 866 2420 Αίσχυρίωνος
899 2332 1021 2399 ἅπαντα
1053 2334 1108 2396 καὶ
1134 2331 1173 2397 τοὶ
1201 2331 1304 2418 χωρία
1332 2328 1353 2394 οἳ

138 2510 140 2513 ,
178 2438 246 2524 ἔχει
268 2437 400 2525 θέμενος
421 2436 599 2526 Νικήρατος
620 2436 706 2525 παροὶ
726 2435 919 2517 Ἐξακέστου
942 2435 1064 2503 ἅπαντα
1086 2434 1234 2522 ἀργυρίου
1256 2434 1353 2520 δραχ-

178 2549 243 2627 μῶν
275 2542 532 2629 πεντακισχιλίων
567 2543 617 2608 ἐπὶ
644 2540 739 2607 λύσει.
768 2540 914 2606 ὑποτελεῖ
941 2542 976 2605 δέ
1003 2539 1152 2627 μίσθωμα
1175 2536 1354 2624 Νικήρατος
1477 2594 1480 2600 .

177 2644 374 2731 Κτησιφῶντι
394 2645 470 2711 καθ’
495 2648 627 2712 ἕκαστον
649 2644 786 2712 ἐνιαυτὸν
808 2645 953 2732 δραχμὰς
965 2644 1179 2732 ζπεντακοσίας
1193 2641 1352 2727 ἀτελεῖςῡ).

134 2783 170 2849 Si
207 2783 270 2849 hoo
308 2804 384 2850 vere
423 2784 565 2870 dicatur,
604 2784 697 2867 quasi
730 2784 868 2850 liberum
904 2784 1141 2849 matrimonium
1176 2799 1353 2864 agnoscen-

135 2886 211 2951 dum
241 2886 311 2971 erit,
341 2887 424 2953 siout
453 2894 485 2952 et
513 2888 601 2973 apud
629 2888 791 2953 Romanos
817 2886 1007 2971 posterioris
1034 2885 1187 2970 temporis
1211 2890 1243 2949 et
1264 2882 1353 2968 apud

135 2989 314 3056 Germanos
347 2996 449 3075 nupta
480 2991 513 3055 in
542 3011 602 3056 sua
629 2991 731 3076 ipsius
759 2989 885 3055 familia
907 3008 1098 3074 permanere
1119 2993 1242 3073 potest:
1265 2983 1354 3070 apud

135 3092 314 3159 Germanos
342 3094 470 3176 quidem
498 3094 531 3157 in
559 3092 690 3159 mundio
719 3092 822 3177 patris
845 3097 901 3157 aut
921 3092 1060 3176 proximi
1082 3110 1210 3174 genere,
1232 3090 1354 3154 Romae

38 3212 41 3218 ’
136 3204 246 3262 autem
277 3196 312 3261 in
344 3196 447 3281 patris
480 3216 593 3262 manu:
630 3216 696 3278 qua
728 3196 757 3261 si
783 3195 836 3260 vel
871 3193 1132 3279 emancipatione
1164 3193 1217 3257 vel
1250 3191 1353 3277 patris

134 3305 237 3366 morte
247 3300 387 3366 liberata
399 3306 458 3384 est,
470 3299 591 3365 femina
602 3298 653 3364 sui
666 3298 745 3365 iuris
760 3296 835 3380 fitss).
868 3299 1020 3363 Attamen
1031 3297 1066 3362 in
1081 3296 1220 3362 Graecia
1235 3314 1353 3361 novum

134 3403 196 3470 hoo
230 3409 262 3469 et
293 3401 474 3470 inauditnm
510 3409 559 3469 est
592 3403 693 3486 eoque
725 3401 831 3486 magis
864 3399 1078 3466 refellendum
1105 3399 1191 3483 quod
1219 3404 1354 3481 uterque

134 3506 301 3573 titulorum
323 3506 417 3572 aliter
439 3506 560 3594 optime
583 3505 778 3593 explieatur:
803 3505 850 3572 ofr
871 3527 893 3590 p
916 3505 958 3569 38
981 3511 1013 3572 et
1034 3504 1087 3569 51.

225 3819 250 3885 ¹)
286 3816 337 3873 Ofr
354 3817 463 3887 Antiqu
481 3815 579 3873 forent
597 3835 616 3888 p
636 3818 669 3872 10
686 3814 775 3874 adnot
795 3818 817 3871 1.

222 3906 245 3976 ¹)
281 3904 385 3961 ibidem
402 3904 492 3961 adnot
509 3906 533 3960 2.
554 3936 585 3945 -
606 3905 628 3973 ⁸)
663 3903 771 3960 ibidem
789 3905 878 3978 adnot
897 3904 920 3957 1.

222 3994 246 4065 ⁴)
278 3989 480 4063 Ἀρχαιολογιλή
512 3997 640 4063 sospem
667 3991 743 4062 1862,
769 4008 789 4061 p
815 3992 849 4044 77
878 4013 907 4038 =
932 3988 1065 4053 Fouoart,
1087 3988 1146 4050 Des
1165 3986 1354 4042 associatione

138 4082 305 4152 religiouses
323 4081 349 4137 N
366 4081 409 4135 45.
924 4105 927 4108 ι

225 4169 245 4238 ⁶)
280 4167 475 4237 Mitteilungen
493 4168 512 4223 d
529 4166 649 4224 deutsob
667 4165 823 4234 arohdolog
841 4164 925 4218 Instit
942 4162 1037 4216 Athen
1054 4161 1076 4229 Ι,
1094 4178 1113 4230 p
1131 4159 1183 4214 346
1200 4183 1229 4205 =
1243 4160 1354 4213 Ditten-

139 4256 251 4326 berger,
270 4253 386 4325 Sylloge
403 4254 429 4310 N
446 4254 506 4309 438.

225 4343 246 4413 ⁶)
281 4340 437 4410 Labandp
458 4341 528 4396 174.Χ
