3142 4950
802 287 844 356 58

213 520 288 564 nam
305 506 337 564 et
351 499 384 564 in
398 499 429 567 N
442 499 483 564 96
499 498 740 565 manumissoris
762 507 866 566 mater
887 506 961 584 post
982 506 1117 565 matrem
1140 500 1242 585 patris
1263 499 1434 566 nominata

215 602 301 667 etin
324 604 428 687 0111,
455 601 565 690 17093
590 610 666 668 ante
697 603 798 668 liliam
819 603 979 669 invenitur
1002 603 1068 668 alia
1090 603 1214 686 mulier,
1249 623 1289 668 ex
1312 605 1432 686 quihus

212 708 310 772 rebus
332 708 486 790 colligere
508 708 588 772 nihil
610 708 716 773 liceat.
762 707 909 790 Demque
942 706 1029 790 quod
1057 705 1228 773 Thalheim
1260 707 1294 771 in
1327 707 1432 772 titulis

212 809 379 894 Delphicis
401 810 556 876 heredum
579 811 827 895 astipulatorem
849 810 977 875 nomine
993 811 1091 876 etiam
1107 809 1321 875 ascendentes
1335 812 1432 877 nobis

213 933 390 998 occurrere,
413 935 571 998 nusquam
593 920 702 979 tamen
723 934 790 979 una
812 933 884 979 cum
908 912 1179 979 descendentibus
1202 913 1281 978 dicit
1295 913 1332 998 1)ε
1367 914 1430 978 hoc

212 1018 450 1083 meminerimus
478 1025 609 1083 auctore
636 1019 693 1083 illo
721 1018 794 1103 ipso
822 1018 855 1082 in
883 1017 1039 1082 sescentis
1066 1017 1135 1082 fere
1166 1017 1432 1101 inscriptionibus

214 1122 313 1185 semel
336 1121 469 1186 fratrem
492 1142 697 1204 sororemque
712 1122 814 1186 semel
829 1121 962 1205 reperiri
976 1120 1009 1203 ²).
1054 1121 1098 1186 Ut
1112 1120 1220 1185 omnia
1236 1122 1431 1204 complecta-

212 1244 292 1307 mur,
326 1245 398 1289 cum
427 1225 469 1289 de
496 1225 651 1290 heredum
680 1244 838 1290 consensu
868 1224 901 1289 in
934 1224 1035 1288 titulis
1061 1223 1229 1307 Delphicis
1261 1224 1316 1306 agi
1350 1223 1430 1288 nihil

213 1332 346 1411 constet,
379 1348 421 1392 ne
442 1328 476 1392 id
500 1328 628 1411 quidem
651 1327 808 1393 habemus
831 1328 1035 1410 exploratum
1059 1326 1161 1392 filiam
1182 1327 1216 1391 in
1238 1326 1304 1392 illis
1326 1327 1431 1409 regio·

212 1428 307 1494 nibus
335 1450 407 1494 cum
435 1430 501 1496 filio
528 1452 594 1497 una
621 1430 776 1495 heredem·
808 1450 888 1496 esse.
922 1467 965 1477 -
996 1430 1157 1514 Respeeta
1189 1428 1299 1511 glossa
1327 1430 1431 1514 Hesy-

213 1531 345 1598 chiana:

256 1636 490 1700 συνευδοκοῦσι·
513 1637 751 1721 ουγκανωνοῢσι
816 1640 819 1643 ’

212 1739 274 1805 11οο
301 1741 495 1823 vocabulum
523 1740 612 1823 quod
639 1741 737 1806 latius
765 1747 857 1825 patet
883 1742 931 1805 ita
962 1740 1176 1805 intellexerim
1210 1751 1245 1804 ut
1277 1738 1432 1804 advocari

215 1861 271 1907 eos
298 1842 443 1909 homines
473 1844 698 1910 manumissori
731 1830 971 1909 necessitudine
1003 1844 1129 1909 innotos
1161 1842 1206 1908 ad
1239 1844 1452 1926 gravitatem-

219 1946 436 2013 caerimoniae
458 1946 642 2031 aagendam
664 1954 784 2032 putem,
809 1968 880 2013 cum
903 1947 1094 2032 praesertim
1120 1946 1204 2012 servi
1229 1945 1317 2030 apud
1333 1946 1433 2011 (irae-

216 2070 271 2115 eos
294 2049 472 2117 familiares
494 2049 675 2117 habeantur
686 2049 721 2135 3).
765 2051 808 2115 Et
831 2050 885 2134 qui
910 2049 1059 2115 videntur
1086 2048 1338 2133 συνελευθεροῦν,
1367 2068 1432 2113 non

213 2152 372 2219 immerito
395 2153 436 2219 iis
457 2173 573 2219 nomen
596 2160 645 2218 est
667 2160 917 2231 ουνεπαινοῦντες
940 2153 1008 2219 sive
1030 2153 1329 2237 συνευαρεοτοῦντες.

298 2255 511 2340 Panticapaei
534 2256 603 2322 lilia
623 2258 656 2321 in
679 2257 893 2323 hereditatem
916 2278 980 2323 una
999 2277 1070 2323 enm
1085 2257 1152 2322 filio
1167 2256 1278 2322 vocari
1292 2254 1429 2335 videtur,

214 2378 286 2423 eum
307 2358 341 2423 in
363 2359 456 2425 titulo
480 2380 544 2425 non
565 2359 699 2425 Iudaico
720 2361 805 2426 haec
826 2361 936 2446 sint⁴):

259 2460 432 2549 Τειρόθεος
459 2462 671 2550 Νορφαγόρου
700 2463 866 2550 Messapion
894 2463 948 2531 edu
977 2457 1116 2549 ἀδελφῆς
1131 2462 1260 2541 Ἤλιδος
1286 2460 1432 2549 γυναικὸς

256 2560 566 2654 ΝάνοοΒαλαμύρου
581 2567 665 2632 κατὰ
680 2562 777 2653 εὐχήν
799 2567 915 2654 πατρὸς
937 2561 1026 2654 ἡμῶν
1039 2566 1252 2654 Νυμφαγόρου
1263 2566 1430 2652 Messapion

256 2670 412 2754 ἀρείομεν.
1333 2721 1334 2724 ¹
1430 2691 1432 2696 ·

216 2770 313 2856 Apud
346 2771 477 2857 Lycios,
514 2774 567 2855 qui
600 2774 743 2839 medium
778 2774 862 2839 inter
895 2774 1038 2839 Graecos
1076 2779 1188 2839 tenent
1226 2779 1259 2838 et
1290 2772 1429 2838 Eranios

215 2894 411 2957 quorumque
434 2875 558 2942 Graece
581 2878 775 2943 recentiores
798 2877 882 2941 tituli
905 2876 1075 2962 perscripti
1097 2876 1218 2961 sunt⁵),
1252 2875 1429 2958 antiquitus

215 2976 248 3041 in
271 2978 367 3043 rebus
389 2978 458 3043 iere
482 2980 629 3045 omnibus
652 2981 792 3047 feminae
814 3000 921 3046 mares
943 2978 1139 3047 antecedunt
1150 2978 1185 3063 ⁶).
1228 2979 1429 3061 delegimus

214 3080 304 3165 apud
324 3081 495 3149 Nicolaum
517 3084 755 3150 Damascenum
768 3084 806 3166 7);
829 3083 884 3161 τοὶς
898 3106 932 3148 τε
947 3083 1156 3169 κληρονομίας
1170 3092 1235 3159 ταῖς
1256 3080 1431 3167 θυγατράσι

216 3181 381 3268 λείπουσιν,
394 3177 430 3248 οὐ
441 3194 504 3263 τοῖς
516 3186 599 3264 υἱοῖς.
622 3187 720 3252 Cuius
731 3188 810 3253 iuris
822 3187 1035 3269 antiquissimi
1046 3186 1200 3269 reliquias
1211 3184 1377 3250 Bachofen
1398 3186 1431 3249 in

214 3287 317 3353 titulis
339 3289 575 3373 sepulcralibus
597 3291 784 3376 posterioris
807 3291 960 3376 temporis
983 3309 1160 3373 agnoscere
1178 3288 1305 3354 videtur
1326 3289 1368 3353 Ol
1382 3288 1431 3352 III

300 3531 320 3601 ¹)
356 3532 464 3601 Antiqn
482 3530 529 3585 for
546 3547 565 3600 p
583 3531 618 3585 60
636 3532 724 3586 adnot
741 3532 765 3585 4.

298 3618 320 3687 2)
356 3618 488 3673 Ceterum
505 3619 535 3672 in
552 3619 578 3675 N
596 3620 643 3672 75:
657 3615 840 3686 Ἀριστόκλεια
854 3613 1051 3685 Ἀγαθοκλέους
1068 3622 1227 3673 Nanneianis
1246 3624 1430 3674 συνευδοοιέον·

212 3723 259 3770 τος
276 3709 323 3759 τοῦ
343 3709 401 3759 οἱοῦ
418 3710 592 3773 Στρατονίκου
610 3709 658 3758 καί
680 3703 745 3773 ὑπὲρ
765 3701 920 3773 Ἀγαθοκλῆ
943 3707 990 3757 τοῦ
1013 3708 1070 3759 οἱοῦ
1093 3709 1195 3759 Ζωΐλου
1219 3706 1264 3761 hic
1286 3708 1430 3776 posterior

211 3794 387 3864 Agathocles
418 3799 467 3848 aut
492 3798 575 3863 pater
602 3798 652 3847 aut
676 3791 750 3848 filius
778 3809 852 3862 esse,
876 3809 945 3863 ergo
971 3795 1068 3848 Zo'r'lns
1090 3798 1141 3847 aut
1163 3792 1254 3848 frater
1272 3798 1322 3849 aut
1339 3810 1429 3863 nepos

211 3882 425 3938 manumissoris
443 3880 542 3936 haberi
560 3885 665 3949 potest.

300 3970 321 4036 8)
356 3970 423 4024 vide
442 3983 529 4037 supra
546 3984 565 4036 p
583 3968 626 4022 43.

298 4057 321 4124 ⁴)
358 4055 551 4125 011121313
571 4078 600 4101 =
620 4055 729 4125 Antiqu
748 4057 785 4110 du
803 4056 900 4126 Bosph
920 4056 1008 4110 Cimm
1026 4056 1130 4111 XXIII.

300 4145 321 4211 ⁶)
358 4142 402 4197 cfr
420 4142 603 4213 Savelsberg‚
621 4144 681 4214 Lyc
700 4143 983 4213 Sprachdenkm'aler.

300 4231 322 4299 ὕ)
358 4228 402 4283 cfr
419 4230 478 4284 Her
495 4232 518 4301 Ι,
539 4231 597 4285 173.

299 4318 321 4384 ⁷)
357 4317 466 4387 Miiller,
481 4318 583 4389 Fragm
602 4318 659 4373 hist
677 4317 717 4373 Gr
734 4320 782 4388 Ill,
801 4319 860 4373 461.
