3142 4950
803 305 846 368 40

722 396 924 404 *ιιι-.-

215 513 334 594 ubique
355 513 455 579 fnisse
478 513 604 580 videtur
626 520 661 579 ut
684 512 727 579 ad
749 514 899 579 maritum
922 514 1030 580 omnia
1052 515 1263 600 pertinerent:
1292 536 1332 581 ac
1353 535 1431 599 pau·

214 616 304 682 latim
328 637 400 681 cum
422 618 553 683 liberior
585 617 742 684 evasisset
764 616 911 683 condicio
940 618 1119 701 mulierum,
1148 619 1246 684 ctiam
1267 618 1432 683 in'matri·

214 720 321 786 monio
351 741 432 785 uxor
463 741 523 787 sna
555 722 676 787 habere
704 721 810 805 coepit
821 721 856 805 ¹),
890 741 963 786 cum
997 722 1038 786 ab
1062 722 1234 787 Aristotele
1256 722 1431 788 Plutarcho

215 823 357 889 Stobaeo
373 824 513 889 omnium
528 825 684 889 bonorum
700 824 880 889 communio
893 823 1138 908 diligentissime
1150 824 1389 891 commendetur
1396 825 1430 907 ²).

215 927 332 992 Missas
354 926 439 993 facio
463 928 620 1013 epicleros
642 927 777 1011 Atticas,
802 928 829 992 si
851 927 981 1011 quidem
1003 928 1079 994 filiis
1101 949 1165 993 non
1187 929 1308 994 adultis
1323 936 1431 994 utrum

213 1029 306 1115 ipsae
330 1050 372 1095 an
394 1031 501 1096 mariti
529 1032 616 1112 bona
642 1030 847 1116 possederint
875 1030 955 1096 nihil
977 1038 1118 1098 constat:
1152 1052 1347 1116 quamquam
1372 1052 1433 1118 per

215 1152 250 1198 se
272 1132 354 1198 illud
375 1134 442 1198 veri
459 1140 507 1199 est
522 1133 667 1200 similius.
711 1133 862 1219 Thespiis
878 1134 965 1199 circa
981 1154 1099 1199 annum
1115 1136 1161 1202 aO
1177 1135 1432 1202 ducentesimum

213 1236 367 1303 Nicarcta
388 1236 422 1301 in
445 1236 647 1302 matrimonio
676 1257 827 1320 magnam
856 1238 929 1323 ipsa
957 1238 1127 1323 pecuniam
1154 1239 1297 1322 habet3).
1341 1238 1434 1304 Idem

214 1339 476 1424 inscriptionibus
498 1341 784 1407 manumissionum
807 1341 1028 1407 Orchomeniis
1049 1341 1203 1408 docemur
1224 1343 1327 1408 velut:

257 1441 345 1507 Κλιώ
373 1442 508 1530 Δαφήνω
541 1443 584 1529 κὴ
615 1443 702 1530 Τιμώ
729 1443 934 1529 Μενεστράτου
968 1443 1120 1510 dortheus
1152 1445 1219 1510 κτλ·
1252 1453 1360 1530 παρεῖς
1391 1452 1432 1530 τῆ

255 1545 356 1610 Κλιῶι
377 1547 447 1632 quo
469 1546 671 1625 Καλοκλέδοις
692 1547 924 1634 Καλλιγέτονος,
947 1548 1012 1615 Meo
1025 1567 1117 1584 ·····
1131 1549 1173 1613 τῶ
1196 1551 1285 1632 δῖνος,
1313 1549 1434 1614 Καλλι-

257 1650 349 1735 γίτων
363 1650 626 1737 Καλοαλέδαο-κή
643 1653 681 1737 τῆ
698 1652 796 1738 Τιμῶι
819 1651 836 1717 ὁ
852 1650 936 1737 ἀνεὶρ
951 1651 1153 1730 Καλοκλίδας
1167 1652 1431 1739 Καλλιγίτονος’).

215 1775 254 1820 ac
276 1755 389 1820 titulus
413 1755 621 1822 Chaeroneae
644 1764 790 1840 repertus
813 1755 958 1820 exhibet:

257 1857 440 1944 Τηλεμαχὶς
472 1857 634 1946 Εὐβούλου
673 1858 825 1944 παρόντος
863 1856 942 1943 αὐτῇ
975 1859 1030 1923 τοῦ
1064 1857 1173 1945 ἀνδρὸς
1205 1860 1345 1937 Μίλωνος
1377 1859 1433 1924 τοῦ

253 1958 392 2027 Ἱππίνου
416 1960 627 2047 etaerupem),
1378 1940 1395 1967 '¹

215 2084 287 2130 cum
308 2065 342 2129 in
364 2065 429 2130 alio
452 2066 599 2148 legamus
612 2065 650 2147 6);

255 2167 361 2235 Μέλων
379 2166 519 2235 ‘reuoca
541 2171 596 2232 καὶ
618 2167 801 2254 Τηλεμαχὶς
822 2166 985 2255 Εὐβούλου
1009 2163 1217 2233 ἀνατιθέασιν.

213 2271 304 2337 Idem
327 2271 529 2338 differentiae
550 2271 720 2338 intercedit
742 2272 826 2336 inter
847 2271 1023 2357 Delphicus
1046 2270 1141 2337 duos:

258 2372 391 2441 ἀπέδοτο
414 2375 520 2461 Λέριον
542 2375 796 2452 συνευδοκέοντος
817 2377 872 2439 καὶ
893 2375 947 2440 τοῦ
970 2368 1079 2460 ἀνδρὸς
1095 2373 1189 2452 cotug
1204 2373 1418 2462 Θευγένεοςῖ),

258 2479 408 2547 ἀπέδοντο
431 2479 589 2567 Θεογένης
610 2483 666 2545 καὶ
687 2479 810 2565 Λεέριον
822 2480 856 2566 ⁸).

214 2585 336 2650 Horum
358 2585 571 2669 posteriorum
593 2585 690 2650 facile
704 2584 811 2649 verbis
832 2583 913 2668 ipsis
935 2601 988 2648 res
1010 2582 1114 2648 scita
1137 2580 1257 2648 habere
1272 2581 1430 2666 videntur,

213 2692 249 2750 ut
276 2686 310 2750 in
337 2687 429 2754 Ner
463 2688 574 2753 uxoris
607 2686 771 2772 proprium
804 2686 1000 2770 mancipium
1028 2685 1079 2769 sit,
1108 2686 1142 2749 in
1169 2685 1199 2751 N
1227 2686 1289 2749 277
1324 2691 1430 2750 autern

215 2789 404 2873 coniugibus
428 2811 606 2871 commune,
630 2809 702 2854 oum
724 2789 825 2853 verba
839 2789 918 2854 fiant
934 2787 1030 2853 haec:
1053 2788 1175 2872 αορίδια
1198 2786 1253 2852 δύο
1271 2786 1292 2851 οἳ
1308 2788 1430 2873 ἐξεθρέ-

215 2891 312 2975 ψαντο
336 2890 432 2975 αὐτοί,
456 2899 502 2957 et:
526 2890 778 2979 παραμεινάντων
794 2893 829 2956 δέ
844 2890 943 2957 Eueni
958 2894 1012 2955 καὶ
1027 2891 1170 2957 Διονυσία
1187 2893 1274 2977 παρὰ
1289 2890 1429 2977 Θευγένη

215 2993 380 3079 καὶΛέριον
395 2994 431 3073 ἇς
446 3018 489 3059 κα
500 2994 616 3075 ζώοντι
629 2994 786 3081 Θεογένης
800 2997 855 3059 καὶ
865 2995 979 3080 Λίριον,
995 3003 1042 3060 et:
1065 2993 1170 3080 κύριος
1182 2995 1260 3059 ἔστω
1276 2993 1432 3081 Θεογένης

214 3100 270 3161 καὶ
291 3097 395 3183 Λίριον
428 3098 624 3178 κολάζοντες.
673 3098 903 3185 Discrepantia
936 3119 1001 3182 qua
1034 3098 1160 3164 ratione
1195 3098 1431 3182 explicabitur?

216 3201 425 3267 Oontenderit
446 3203 606 3289 quispiam
628 3203 661 3268 in
684 3201 787 3267 titulis
810 3202 875 3267 illis
891 3202 1038 3267 omnibus
1059 3238 1102 3249 -
1124 3220 1204 3282 quos
1225 3221 1288 3265 non
1312 3221 1352 3266 ex
1367 3222 1429 3267 nno

217 3303 337 3390 oppido
365 3304 522 3372 habemus
550 3307 668 3371 allatos
696 3342 739 3353 -
767 3324 802 3369 re
835 3324 913 3369 vera
946 3323 1074 3369 servum
1096 3303 1197 3369 solius
1224 3304 1332 3370 mariti
1361 3324 1430 3370 esse

215 3509 417 3516 m—

303 3631 324 3700 1)
361 3631 440 3687 Sicut
467 3633 543 3701 apud
565 3632 710 3687 Romanos
728 3646 833 3686 uxores
857 3648 941 3688 manu
958 3632 1053 3687 mariti
1070 3631 1206 3701 paulatim
1223 3632 1429 3688 liberabantur:

214 3718 258 3775 cfr
276 3719 430 3774 Zachariae
447 3735 506 3774 von
524 3719 700 3789 Lingenthal,
720 3718 814 3775 Gesch
833 3720 851 3774 d
869 3718 1041 3789 griech-rbm
1059 3717 1165 3773 Rechts
1183 3736 1202 3788 p
1221 3718 1262 3774 35.

303 3806 326 3874 ²)
362 3806 483 3874 Aristot‚
502 3805 597 3860 Oecon
616 3807 677 3875 VII,
698 3808 739 3863 13.
773 3807 847 3876 Plnt,
866 3806 976 3877 Coning
993 3822 1116 3876 praecp
1138 3804 1227 3876 1402.
1263 3805 1334 3861 Stob
1353 3805 1431 3861 Serm

217 3893 344 3963 LXXIV,
362 3894 396 3946 43
415 3893 439 3946 e
457 3892 499 3946 44.

304 3981 325 4048 ³)
360 3980 428 4033 vide
448 3994 571 4049 snprap
593 3979 624 4034 18
642 3995 703 4050 sqq.

303 4067 327 4134 ⁴)
363 4065 488 4136 Larfeld,
508 4064 568 4137 Syll
585 4082 605 4134 p
623 4066 665 4120 32.

305 4154 326 4222 ὁ)
358 4148 497 4221 Ἀθήναιον
514 4153 563 4221 ΙΧ,
582 4152 642 4208 357.

303 4241 325 4309 ⁶)
361 4239 436 4308 011,
458 4239 582 4311 16082„

303 4329 325 4397 ⁷)
360 4326 631 4397 WdF31.-⁸)
667 4326 774 4383 ib277.
