3142 4950
644 343 848 444 ,A

224 552 380 618 Constare
413 557 520 638 potest
553 557 609 616 aut
642 557 776 634 argento
811 551 870 617 dos
902 548 1138 633 mobilibusque
1171 549 1264 617 bouis
1299 557 1354 616 aut

137 654 261 720 fundis:
287 655 346 720 etsi
368 654 545 738 antiquitus
567 654 676 720 neseio
699 675 741 720 au
764 654 844 719 nihil
867 653 1005 720 conferri
1027 653 1153 720 licuerit
1175 652 1237 719 uisi
1258 652 1355 719 vesti·

137 764 247 823 menta
280 765 312 824 et
344 759 497 824 muudum
531 758 719 823 muliebrem
753 757 886 823 minoris
913 757 1019 842 pretii,
1053 757 1080 822 si
1108 756 1238 839 quidem
1266 762 1354 822 reote

136 861 233 946 Telfy
256 861 361 929 loeum
383 861 549 929 Plutarchi
571 861 615 927 ad
638 881 695 928 eas
717 861 802 927 filias
823 861 922 926 refert
944 881 1028 944 quae
1050 881 1114 926 uon
1136 859 1353 926 hereditariae

137 970 211 1029 suut
225 964 262 1044 ¹):
295 972 356 1032 τῶν
383 964 486 1031 ἄλλων
513 963 622 1051 γάμων
648 965 691 1050 μή
722 966 799 1030 εἶναι
825 962 947 1049 φερνάς,
977 961 1043 1028 ἀλλ’
1075 962 1179 1049 ἱμάτια
1205 963 1275 1049 τρία
1300 964 1356 1027 καὶ

138 1064 237 1152 σκεύη
272 1068 383 1154 μικροῦ
411 1068 596 1155 νομίσματος
619 1067 698 1151 ἄξια,
732 1069 837 1153 ἕτερον
870 1067 905 1132 δέ
938 1068 1035 1154 μηδὲν
1068 1066 1271 1152 ἐπιφέρεσθαι
1298 1065 1356 1151 τὴν

136 1170 346 1257 γαμουμένην.

224 1300 343 1366 Dotem
365 1301 501 1367 Athenis
529 1301 563 1365 in
590 1301 794 1367 matrimonio
823 1321 895 1366 uum
923 1300 1019 1366 rebus
1053 1300 1159 1366 mariti
1193 1300 1226 1365 iu
1258 1321 1355 1365 uuum

138 1402 225 1468 eoire
241 1404 415 1469 arbitratur
430 1402 620 1487 Desjardius
643 1403 689 1470 ita
711 1411 747 1469 ut
769 1425 840 1470 oum
864 1403 914 1469 bis
937 1424 1000 1469 una
1017 1403 1212 1490 publicetur:
1236 1402 1356 1469 dotalis

138 1504 229 1571 fundi
252 1507 401 1572 maritum
424 1506 559 1572 liberam
581 1506 702 1572 habere
732 1513 927 1591 potestatem
957 1526 995 1571 ex
1018 1506 1104 1572 Isaei
1127 1527 1163 1572 or
1185 1505 1223 1571 V.
1247 1506 1355 1571 efficit.

141 1608 262 1674 Contra
290 1609 428 1675 Dareste
455 1610 611 1676 bonorum
640 1609 797 1675 dotalium
826 1609 1063 1695 possessionem
1092 1609 1201 1675 uxoris
1229 1628 1357 1693 semper

140 1730 212 1776 esse
239 1731 300 1777 ueo
329 1714 477 1778 maritum
505 1712 625 1779 habere
653 1713 715 1779 uisi
743 1732 835 1778 usum
866 1721 898 1779 et
928 1712 1064 1778 fructum
1088 1713 1120 1776 in
1143 1713 1356 1796 matrimonio,

139 1833 203 1897 quo
231 1822 376 1900 sumptus
404 1815 584 1883 cotidianos
612 1815 807 1903 suppeditet.
851 1818 900 1881 Ao
930 1835 972 1881 ne
1000 1816 1188 1881 abalienare
1215 1814 1356 1901 quidem,

139 1917 260 2002 iuquit,
294 1917 417 1985 dotalia
446 1920 532 1985 bona
560 1919 675 1986 marito
704 1919 780 1985 lieet
809 1919 928 2004 quippe
950 1918 1006 2001 qui
1028 1939 1091 1984 uou
1114 1918 1156 1983 sit
1177 1938 1355 2003 possessor.

139 2020 240 2086 Uxori
267 2023 382 2088 tutoris
408 2022 600 2108 interposita
626 2022 819 2088 auotoritate
852 2020 887 2086 id
915 2021 1013 2087 liuere
1041 2021 1110 2086 veri
1139 2020 1259 2105 simile,
1295 2021 1355 2087 etsi

74 2106 79 2127 '
140 2124 334 2190 testimoniis
356 2145 503 2191 earemus
515 2124 549 2211 ²).
594 2126 684 2191 Haeo
713 2125 889 2208 sententia,
924 2145 1020 2208 quam
1043 2125 1225 2190 Barrilleau
1247 2146 1269 2210 p
1293 2126 1355 2189 163

139 2232 172 2292 et
193 2226 364 2293 Thalheim
385 2250 407 2313 p
430 2229 472 2294 66
500 2236 689 2314 sequuntur,
723 2236 813 2295 reeta
840 2228 968 2294 videtur
997 2248 1068 2293 eum
1095 2227 1248 2292 fiduciam
1277 2226 1355 2293 dare

139 2330 274 2395 maritus
296 2351 354 2415 pro
378 2330 454 2396 dote
480 2330 608 2397 debeat.
652 2330 871 2398 Abalienaudi
899 2337 1007 2395 tamen
1034 2330 1121 2396 bona
1150 2330 1273 2396 dotalia
1303 2351 1357 2416 po-

140 2438 291 2500 testatem
313 2454 394 2501 uxor
416 2454 456 2501 ue
478 2436 594 2502 tutoris
616 2435 744 2518 quidem
768 2434 823 2519 qui
846 2454 886 2501 ea
905 2433 1039 2501 eontulit
1054 2434 1247 2501 auctoritate
1262 2434 1357 2500 iuter-

139 2538 247 2623 posita
269 2537 368 2604 habet
388 2538 451 2604 nisi
473 2539 586 2605 anuuit
608 2540 752 2622 maritus,
776 2540 867 2605 ouius
889 2537 1075 2604 conservari
1098 2538 1206 2604 dotem
1220 2539 1355 2604 multum

138 2640 274 2706 intersit.
318 2642 424 2724 Atque
452 2642 485 2707 iu
513 2642 787 2728 publicationibus
814 2662 895 2707 uxor
923 2642 1012 2708 velut
1039 2641 1221 2707 ‘creditores
1255 2641 1354 2706 ueteri

138 2742 189 2809 ius
211 2743 446 2810 interveniendi
468 2745 614 2830 babet³).
658 2744 873 2830 Quideuuque
895 2743 1043 2831 ἀτίμητον
1071 2745 1206 2810 maritus
1228 2743 1356 2829 aceepit

138 2852 270 2932 praeter
283 2845 342 2914 illa
356 2845 396 2913 τοὶ
410 2848 443 2915 ἐν
457 2850 562 2935 προικὶ
577 2849 806 2936 ἐντετιμημένα,
823 2850 857 2915 iu
873 2869 966 2915 omne
980 2856 1107 2935 tempus
1122 2848 1185 2934 ipsi
1201 2854 1310 2914 mouet
1321 2848 1356 2933 ⁴).

139 2949 273 3016 Maritus
301 2951 398 3018 debet
423 2960 497 3037 post
524 2973 658 3018 uxorem
690 2961 849 3020 mortuam
880 2952 956 3018 filiis
990 2952 1098 3018 dotem
1130 2950 1266 3017 reddere
1299 2950 1355 3015 ubi

138 3052 277 3137 primum
299 3054 349 3119 sni
371 3056 449 3121 iuris
472 3075 543 3122 esse
566 3062 741 3142 coeperunt
752 3055 787 3142 ὅ).
831 3056 867 3121 Si
889 3055 995 3121 mariti
1011 3055 1128 3120 mortui
1143 3054 1219 3119 tiliis
1233 3053 1355 3119 relictis

138 3154 183 3222 ad
204 3162 343 3223 tutorem
364 3157 462 3224 vidua
485 3159 671 3244 revertitur,
704 3158 763 3225 dos
789 3158 948 3224 redditur:
982 3157 1032 3223 siu
1061 3162 1168 3224 autem
1198 3156 1231 3220 iu
1260 3155 1356 3222 domo

138 3259 247 3324 mariti
270 3266 400 3345 manet,
432 3262 519 3327 boua
548 3262 673 3328 dotalia
706 3261 751 3328 ad
779 3261 863 3328 filios
891 3261 1083 3346 perveniunt
1094 3260 1118 3348 ⁸)
1143 3261 1197 3344 qui
1219 3267 1355 3325 matrem

138 3362 229 3429 alere
251 3363 380 3430 debent.
423 3365 515 3432 Prior
537 3366 564 3432 si
587 3386 668 3432 uxor
696 3366 838 3449 moritur,
872 3363 931 3430 dos
960 3371 1016 3431 aut
1039 3364 1082 3430 ad
1103 3364 1187 3430 tilios
1209 3363 1356 3449 pervenit

138 3467 196 3531 aut
229 3465 273 3532 ad
300 3473 447 3534 tutorem.
491 3470 553 3535 Pro
587 3470 725 3555 peouuia
759 3465 861 3535 dotali
894 3468 1029 3535 maritus
1061 3467 1197 3533 fundum
1228 3466 1357 3553 pignori

139 3697 342 3707 ...-.--.-—-...

230 3849 251 3919 ¹)
287 3848 360 3918 Plut,
379 3847 427 3904 Sol
445 3850 487 3904 20.
524 3848 617 3920 Ttlfy,
637 3849 712 3920 Oorp
730 3850 775 3905 iur
793 3849 854 3920 Att,
873 3849 961 3906 adnot
979 3848 1015 3904 ad
1035 3849 1109 3907 1359.

215 3936 251 4005 a)
287 3936 371 3991 Droit
390 3937 436 3992 oiv
454 3936 539 3992 athen
556 3954 575 4007 p
594 3938 652 3992 625.

229 4023 250 4091 ¹)
286 4022 394 4093 Autiqu
414 4024 495 4095 torp
517 4026 574 4079 110.

227 4111 250 4180 ⁴)
286 4110 315 4165 ib
333 4126 352 4179 p
371 4112 404 4165 66
423 4112 511 4166 adnot
529 4112 546 4166 3
565 4118 636 4169 extr.

228 4198 249 4267 ⁶)
285 4198 408 4253 Dureste
425 4215 444 4267 p
463 4199 522 4253 625.
557 4198 665 4269 Autiqu
684 4197 765 4267 torp
784 4198 819 4253 68
837 4199 925 4254 adnot
945 4201 968 4254 1.

228 4285 249 4354 ⁶)
285 4286 356 4340 Dom
379 4286 445 4354 XL,
468 4285 515 4340 59:
542 4291 602 4355 περὶ
619 4287 729 4352 προικὸς
752 4286 785 4355 ἣν
804 4290 1016 4354 ἐπενεγκαμένης
1040 4287 1089 4352 τῆς
1112 4283 1212 4351 μητρός
1235 4288 1260 4335 οἱ
1282 4283 1357 4351 νόμοι

140 4373 292 4425 κελεύουσιν
311 4375 358 4440 ἐμὲ
375 4375 542 4439 κομίζεσθαι,

1155 4472 1189 4522 3*
