3142 4950
975 1446 1231 1672 paq
1381 1608 1384 1614 ,

949 1672 991 1723 „s
1193 1657 1196 1667 ’

180 1683 316 1868 Annus
342 1798 525 1884 praeteriit,
553 1797 723 1863 Theodore
752 1797 938 1882 'Phalheim‚
966 1804 1180 1884 posteaquam
1208 1797 1314 1864 socius

91 1901 218 1968 itineris
240 1902 329 1967 illius
352 1902 482 1984 cognita
503 1901 620 1967 inertia
642 1920 725 1984 mea,
747 1906 783 1966 ut
805 1901 914 1966 fueras
937 1901 1077 1966 clemens
1092 1920 1219 1986 semper
1235 1919 1313 1983 erga

94 2005 301 2091 discipulum,
336 2003 445 2070 studia
478 2003 521 2070 ad
555 2004 725 2068 mulierum
757 2003 957 2070 Graecarum
991 2002 1213 2070 condicionem
1241 2023 1314 2069 con-

21 2178 22 2181 ,
92 2107 241 2174 vertendi
269 2113 382 2173 auctor
410 2107 517 2173 factus
546 2126 590 2172 es.
634 2107 676 2171 Et
705 2126 777 2171 cum
805 2112 837 2171 tc
859 2114 988 2173 secutus
1009 2127 1127 2172 novam
1148 2107 1235 2172 viam
1256 2106 1313 2170 im·

93 2211 217 2296 peritus
250 2211 404 2294 inissem,
438 2210 553 2275 iterum
587 2230 627 2274 ac
660 2209 791 2294 saepius
818 2229 922 2293 neque
951 2209 1085 2275 consilio
1115 2209 1181 2274 leni
1208 2228 1313 2292 neque

22 2362 23 2369 .
95 2334 195 2398 opera
217 2312 295 2378 mihi
318 2311 465 2378 defuisti:
489 2313 566 2396 quin
589 2311 688 2377 ctiam
710 2311 786 2377 libri
808 2313 865 2396 tui,
888 2311 942 2395 qui
958 2310 1000 2376 dc
1014 2311 1196 2377 forensibus
1212 2311 1313 2377 Grae·

96 2436 205 2483 corum
229 2414 477 2499 antiquitatibus
506 2421 566 2500 est,
588 2415 775 2500 priusquam
798 2415 920 2500 publici
942 2414 1022 2480 iuris
1042 2414 1144 2500 fieret,
1167 2414 1247 2482 folia
1269 2413 1312 2481 ad

94 2539 145 2584 mc
175 2519 304 2603 singula
332 2518 457 2584 misisti.
501 2519 624 2584 Horum
646 2518 876 2583 beneficiorum
907 2525 1020 2602 gratus
1048 2537 1234 2601 memorque
1254 2538 1313 2604 per

97 2642 191 2688 omne
213 2629 339 2709 tempus
361 2641 427 2687 ero.

180 2741 383 2825 Quamquam
405 2742 488 2806 benc
510 2741 568 2806 alii
590 2760 716 2824 quoque
739 2740 884 2806 homines
906 2740 1049 2805 illustres
1071 2739 1112 2805 de
1134 2760 1186 2805 me
1207 2739 1313 2805 meriti

95 2851 177 2910 sunt.
220 2844 384 2930 Exuperio
418 2844 599 2928 Oaillemer‚
627 2843 661 2908 in
683 2841 852 2910 academia
874 2843 1163 2908 iureconsultorum
1184 2841 1313 2925 Lugdu·

22 2939 23 2946 '
94 2948 186 3020 nensi
207 2946 345 3029 decan0,
367 2947 548 3031 complures
571 2946 820 3012 commentarios
835 2945 951 3011 debeo.
994 2944 1312 3011 WIlrbhnerParisi-

95 3068 153 3114 nus
186 3054 319 3114 auctore
348 3048 431 3113 Iulio
468 3048 593 3133 Oppert
630 3048 815 3130 catalogum
848 3047 1092 3132 inscriptionum
1121 3069 1142 3114 a
1171 3066 1206 3113 sc
1240 3067 1313 3113 oon-

96 3150 215 3217 fectum
238 3150 315 3215 mihi
338 3149 438 3215 dedit.
483 3150 552 3214 Viri
567 3149 766 3235 spectabiles
789 3149 844 3233 qui
867 3149 1084 3215 bibliothecae
1106 3150 1217 3233 regiae
1231 3150 1312 3216 Vra·

26 3239 27 3256 .
95 3252 275 3318 tislaviensi
296 3257 453 3337 praesunt
476 3258 508 3318 ct
523 3251 729 3335 Gottiugensi
744 3257 777 3317 ct
791 3251 993 3317 Berolinensi
1009 3258 1041 3317 et
1056 3271 1165 3317 museo
1181 3251 1311 3336 publico

94 3354 313 3438 Neapolitano
352 3354 453 3420 libros
485 3355 596 3437 magni
632 3354 729 3438 pretii
766 3360 1043 3439 comparaverunt.
1098 3353 1312 3437 Wolfgangus

94 3457 226 3522 Passow
265 3455 450 3522 carissimus
484 3457 658 3523 commilito
688 3464 720 3522 ct
749 3456 868 3522 librum
896 3457 1046 3522 Berolino
1075 3456 1153 3521 mihi
1176 3476 1311 3522 commo-

95 3557 186 3624 davit
208 3556 240 3623 et
260 3558 330 3624 illic
353 3558 481 3624 titulum
504 3558 686 3645 descripsit.
716 3559 865 3642 Denique
887 3565 920 3624 et
941 3559 1167 3625 rerdinandus
1181 3559 1312 3642 Regela-

96 3664 210 3745 bcrger
242 3662 307 3727 iam
348 3662 571 3746 Gottingensis
611 3669 643 3727 et
677 3662 833 3728 Henricus
865 3662 964 3727 Rosin
998 3662 1208 3727 consobrinus
1244 3662 1311 3726 Fri-

96 3765 263 3847 burgensis
285 3763 484 3849 professores
505 3764 584 3830 iuris
605 3765 792 3850 peritissimi
815 3764 948 3830 consilio
972 3783 1023 3829 me
1045 3762 1247 3828 adiuverunt.
