3142 4950
819 287 841 352 4

223 500 295 565 sint.
345 497 598 564 Innumerabilia
631 503 705 563 sunt
732 498 892 583 exempla.
941 497 1014 564 Non
1041 516 1116 562 raro
1144 495 1303 581 reperitur
1325 494 1440 561 mulier

222 599 487 688 στεφανηφόρος)
509 607 545 667 11
566 601 724 686 Smyrnae
746 601 801 680 (01
822 601 863 684 Π,
886 599 981 684 3150,
1006 601 1073 665 let
1093 599 1178 665 3173
1192 600 1219 663 Β
1235 597 1302 683 24),
1317 598 1439 684 Aphro-

223 704 351 771 disiade
379 705 434 788 (CI
461 703 504 789 H,
532 704 628 788 2829,
657 704 697 770 15
726 710 759 769 et
785 703 869 769 2837
891 704 913 769 b
938 703 979 767 14
1001 701 1190 769 012835Α
1215 703 1255 767 10
1276 708 1309 768 01
1330 701 1439 788 2840),

223 807 433 873 Teiehiussae
454 807 514 893 (Le
535 807 612 891 Bas,
634 806 712 873 Asie
734 806 878 872 mineure
900 806 930 872 N
951 807 1025 890 244,
1050 805 1112 890 15).

308 910 504 995 Vectigalia,¹
534 911 624 977 velut
653 930 736 994 quae
763 910 1019 993 negotiatoribus
1044 909 1258 993 imponuntur,
1288 908 1440 973 mulieres

186 1076 188 1080 ⁴
223 1035 287 1080 non
309 1014 414 1079 minus
436 1015 561 1081 solvere
576 1012 706 1079 debent.
740 1013 876 1078 Athenis
892 1011 1440 1098 01110111111101111111,πορνι·

224 1117 282 1183 κὸν
304 1116 431 1200 τὲλοςῖ).
475 1116 601 1181 Ibidem
622 1116 865 1202 peregrinorum
887 1115 1038 1198 veetigal,
1060 1112 1095 1179 τὸ
1118 1114 1282 1200 μετοίκιον,
1305 1114 1439 1181 avidua

223 1241 351 1304 quoque
383 1220 539 1305 exigitur,
573 1240 657 1304 quae
689 1219 861 1286 drachmas
894 1218 990 1284 solvit
1023 1237 1080 1284 sex
1115 1217 1296 1302 quotannis,
1331 1217 1439 1302 quoad
1563 1262 1564 1327 ,

224 1324 309 1390 filius
331 1324 381 1391 sui
402 1324 482 1389 iuris
510 1324 617 1390 faetus
639 1322 811 1389 duodecim
833 1323 958 1389 solvere
981 1320 1128 1407 coeptu).

309 1427 454 1509 Munera,
483 1446 566 1510 quae
595 1427 719 1494 Graece
747 1425 934 1511 λειτουργίαι
967 1424 1126 1507 dicuntur,
1154 1444 1219 1490 non
1247 1444 1321 1491 raro
1343 1425 1441 1491 susei-

224 1530 317 1615 piunt
344 1530 504 1595 mulieres.
554 1529 758 1614 Pamphyliei
786 1535 860 1594 sunt
887 1527 973 1593 tituli
999 1527 1064 1593 duo
1092 1527 1216 1594 saeculi
1238 1528 1285 1594 aO
1306 1526 1349 1593 Π.
1372 1527 1440 1594 dia·

224 1633 343 1698 1001111
376 1632 565 1699 exhibentes
597 1632 761 1716 Dorieam,
794 1631 851 1697 ubi
883 1631 1048 1714 liturgiam
1075 1637 1244 1716 praestant
1276 1630 1320 1697 ad
1352 1630 1439 1696 aedi·
1564 1692 1565 1731 ,

223 1733 370 1801 fieandas
392 1735 585 1801 munitiones
607 1733 720 1819 oppidi
742 1732 972 1818 (Siegismund,
996 1734 1124 1799 Curtius
1145 1734 1227 1800 Stud
1249 1734 1306 1817 IX,
1330 1732 1400 1817 89);

266 1834 435 1922 Κουρασιώ
455 1834 594 1923 Λιμνοὶου
616 1836 836 1921 Κουρασίιυνος
859 1838 1091 1924 δαμιοργίσιυσοι
1104 1836 1283 1923 περτὲδιυκε
1298 1837 1324 1912 ῑς
1338 1834 1439 1921 πύργο

266 1935 384 2025 ἀργόρυ
413 1945 489 2026 μνᾶς
515 1940 630 2024 φίκατι.

266 2039 439 2128 Νεγόπολις
452 2042 645 2129 Ἀφορδισίου
663 2042 853 2129 Νεγοπόλεις
865 2040 1097 2130 δαμιοργίσιυσα
1108 2044 1278 2130 περτέδοκε
1294 2045 1318 2123 ῖς
1339 2043 1441 2130 ἐρὲμνι

266 2147 322 2209 καὶ
342 2146 461 2212 πυλόνα
483 2144 600 2232 ἀργόρυ
624 2154 699 2233 μνᾶς
720 2147 835 2231 φίκατι.

223 2248 261 2312 In
299 2250 406 2314 insula
445 2248 559 2315 Rhodo
597 2249 685 2315 eirea
718 2270 838 2315 annum
873 2251 919 2316 111
954 2250 1016 2316 CO.
1048 2250 1189 2315 feminae
1224 2251 1267 2316 ad
1300 2252 1438 2317 classem

224 2351 476 2436 eomparandam
499 2372 564 2417 una
587 2372 658 2417 eum
680 2354 757 2417 viris
772 2353 856 2420 ultro
872 2353 1043 2438 pecuniam
1059 2352 1138 2417 dant
1153 2351 1313 2438 (Newton,
1329 2353 1437 2420 Greek

227 2455 314 2520 inser
336 2455 369 2519 in
391 2453 445 2520 the
468 2455 537 2520 Brit
558 2454 630 2522 Mus
652 2455 735 2523 HN
757 2456 846 2542 343)

268 2565 423 2653 δεδόχθαι
449 2566 702 2653 ἐπαγγέλλεσθαι
728 2568 779 2646 τὸς
793 2568 971 2655 ’δηλομὲνος
992 2574 1052 2634 τῶν
1073 2590 1107 2633 τε
1128 2568 1256 2635 πολιτᾶν
1277 2572 1332 2633 καὶ
1352 2569 1438 2634 πολι·
1482 2623 1486 2628 .
1567 2539 1568 2566 ³

266 2670 358 2737 τίδιυν
379 2673 435 2735 καί
456 2669 559 2738 νόθων
579 2674 634 2735 καὶ
655 2673 816 2758 παροίκων
837 2674 893 2736 καὶ
913 2671 1014 2750 ξένων.

223 2772 273 2838 Αο
312 2779 405 2857 parte
442 2777 467 2836 B
507 2775 701 2841 contineturt
756 2775 892 2840 Φτλίτιον
927 2772 1133 2839 Ἀπολλωνίου
1171 2774 1249 2851 Η*).
1300 2775 1439 2860 Gymna-

226 2874 435 2960 1111011111)
477 2883 646 2961 praestant
686 2878 918 2963 posterioribus
954 2877 1152 2962 temporibus
1187 2897 1302 2963 saepe,
1340 2898 1440 2962 quare

226 2978 356 3062 publiee
378 2977 588 3045 honorantur:
612 2987 718 3047 exstat
733 2982 766 3045 in
781 2980 878 3047 Caria
892 2978 1126 3066 στεφανηφόρος
1140 2983 1195 3044 καὶ
1209 2982 1441 3068 γυμνασίαρχος

312 3251 333 3322 ¹)
367 3253 518 3323 Hermann,
544 3254 652 3325 Antiqu
679 3271 744 3310 saer
766 3259 779 3320 5
802 3255 845 3324 24,
870 3256 910 3308 ll.
938 3284 970 3293 -
997 3254 1067 3310 Cum
1090 3271 1205 3311 munere
1227 3256 1368 3311 flaminum
1385 3256 1440 3311 hoe

226 3345 409 3408 eomparatur
432 3358 450 3396 a
466 3342 606 3412 Dionysio
629 3341 657 3396 A
675 3342 701 3396 R
719 3342 754 3411 II,
773 3342 816 3396 64.
851 3341 983 3396 Flaminis
1005 3342 1096 3396 Dialis
1114 3341 1328 3415 flaminicaeque
1345 3360 1438 3400 nonne

224 3427 396 3483 meminimus
415 3428 443 3482 in
461 3428 543 3483 titulo
562 3444 597 3483 ex
614 3426 824 3497 Aphrodisiade
843 3429 991 3497 desumpto
1010 3429 1138 3498 legentes
1157 3430 1206 3499 (Le
1223 3432 1290 3500 Bas,
1302 3431 1372 3487 Asie
1385 3433 1441 3487 min

224 3514 249 3569 N
269 3513 360 3583 1592):
393 3511 534 3583 Ἱεροκλῆς
548 3513 735 3582 Ἑρμοφοὶντου
753 3511 893 3583 ἀρχιερεύς
910 3520 958 3568 καί
976 3516 1177 3583 στεφανηφόρος
1193 3520 1245 3570 κτλ
1267 3516 1349 3587 autri
1370 3521 1435 3588 γυνι)

225 3596 307 3655 αὐτοῦ
323 3597 497 3669 Ἀριστονείκη
511 3598 729 3669 Ἀριστοκράτους
746 3600 763 3670 ἡ
782 3597 921 3670 ἀρχιέρειοι
938 3607 986 3655 καί
1003 3603 1205 3671 στεφανηφόρος
1222 3608 1290 3658 ari?

311 3687 334 3756 ²)
370 3687 1052 3759 1101111111111-(1110111335.
1153 3724 1178 3767 ,-

311 3775 332 3843 8)
368 3773 514 3842 Gilbertp
536 3773 592 3825 171.
1058 3838 1060 3841 Ι

309 3860 333 3928 ⁴)
369 3860 452 3926 Quod
477 3863 572 3914 autem
600 3861 703 3916 ueteris
730 3862 802 3916 loeis
829 3862 903 3918 illins
926 3863 1001 3918 tituli
1027 3862 1149 3921 feminae
1172 3882 1230 3922 non
1247 3871 1437 3922 memorantur

224 3948 278 4002 nisi
295 3943 369 4002 himo
387 3947 415 4001 in
432 3947 560 4002 modum:

258 4032 272 4087 ό
293 4038 365 4087 δεῖνα
382 4037 429 4085 aut
447 4031 512 4101 ὑπὲρ
531 4036 579 4102 τῆς
596 4036 722 4102 γυναικὸς
739 4040 771 4103 Η,

223 4119 268 4176 etr
285 4121 321 4175 de
339 4120 383 4175 his
401 4118 498 4175 verbis
516 4137 535 4189 p
553 4121 595 4174 45.

311 4206 332 4273 6)
367 4206 411 4260 De
421 4207 648 4275 gymnasiarehia
656 4207 825 4265 Atheniensi
837 4210 881 4266 afr
892 4211 1019 4281 Boeekh,
1031 4211 1149 4268 Staatsh
1160 4214 1183 4282 Ι,
1192 4213 1243 4268 609
1252 4217 1282 4267 01
1291 4212 1441 4285 Thumser,

221 4293 266 4349 De
284 4292 331 4348 eiv
349 4290 408 4348 Ath
427 4292 553 4349 munerib
572 4312 591 4364 p
609 4295 651 4352 88.
