3142 4950
622 288 854 434 gn„

187 543 366 609 Λιουκίσκω
389 543 554 610 Orontem
578 542 810 629 σουνοὶλλαγμα.
855 542 1014 629 Νικαρέτα
1036 542 1159 621 Θέωνος
1181 551 1236 621 τᾶς
1257 544 1363 622 πόλιος

180 644 396 733 Ἐρχομενίων
417 647 461 734 νὴ
477 649 520 713 τῶ
536 646 657 734 ἐγγούω
673 646 790 724 Θέωνος
806 645 970 733 Σουννόμω
984 647 1024 712 τὰ
1044 646 1191 733 γράματα
1207 647 1359 733 δισχείλιη

187 749 376 836 πεντακάτιη
404 751 449 836 νὴ
478 752 520 815 τῶ
542 750 662 836 τεθμίω
691 750 812 834 Ε’ίστωρ
835 743 852 814 ὁ
875 748 976 832 αὐτός,
998 750 1177 815 Λιουκίσκω
1195 748 1363 836 Ὁμολωΐω

186 851 221 918 τὸ
244 851 476 941 οουνάλλαγμα.
532 853 691 938 Νικαρὲτα
714 851 832 930 Θέωνος
859 859 914 931 τᾶς
941 852 1047 931 πόλιος
1072 852 1286 939 Ἐρχομενίων
1317 852 1382 938 νὴ>

187 961 231 1021 τῶ
253 956 374 1043 ἐγγούω
397 955 515 1035 Θίωνος
536 956 701 1042 Σουννόμω
727 955 767 1021 τὰ
794 955 941 1042 γράματα
968 956 1220 1042 πεντακιοχείλιη
1249 955 1292 1042 κὴ
1320 964 1367 1022 τω

185 1059 304 1146 τεθμίω
332 1059 452 1145 Ε’ἰοτωρ
480 1057 621 1144 ὁαῦτός,
654 1057 766 1145 χρόνος
794 1057 811 1123 ὁ
840 1058 941 1137 αὐτός,
987 1058 1146 1145 Νικαρὲτα
1168 1058 1286 1136 Θίωνος
1307 1061 1362 1137 τᾶς

188 1161 294 1240 πόλιος
313 1161 526 1249 Ἐρχομενίων
553 1163 596 1247 νὴ
625 1163 669 1227 τῶ
692 1160 813 1248 ἐγγούω
836 1161 953 1239 Θίωνος
974 1160 1141 1248 Σουννόμω
1162 1161 1201 1227 τὰ
1215 1160 1363 1248 γράματα

187 1265 290 1351 pedesq
320 1263 364 1351 νὴ
396 1267 440 1330 τῶ
472 1265 592 1352 aeduico
620 1266 740 1350 Ε’ίοτωρ
763 1264 780 1329 ὁ
804 1263 905 1348 αὐτός,
926 1264 1106 1330 Λιουκίσκω
1128 1264 1306 1331 Θειλουθίω
1327 1264 1362 1330 τὸ

187 1367 421 1456 σουνοὶλλαγμα.

143 1491 278 1556 Summa
311 1496 360 1555 est
388 1489 615 1556 drachmarum
637 1488 732 1554 XVII
764 1489 888 1554 milium
921 1488 1168 1572 quingentarum
1197 1490 1362 1573 octoginta
1425 1484 1427 1493 ‘

142 1593 300 1676 quinque,
350 1593 517 1660 obolorum
567 1591 726 1657 duorum
776 1591 868 1657 Haeo
914 1611 992 1677 pars
1038 1592 1123 1656 tituli
1167 1593 1363 1658 breviarium

141 1696 352 1780 tabellarum,
385 1716 466 1780 quas
500 1694 634 1780 Thespii
665 1693 945 1780 tethmophylaoes
978 1696 1224 1781 componebant.
1279 1695 1363 1760 Iussi

143 1799 229 1864 enim
263 1804 355 1864 erant
386 1796 586 1884 polemarohi
614 1797 898 1864 Orchomeniorum
930 1795 1139 1884 ὑπεραμερίας
1172 1836 1212 1845 -
1246 1799 1362 1881 quibus

140 1901 312 1986 pecuniam
345 1900 489 1966 debitam
527 1907 616 1965 certa
650 1899 703 1965 die
736 1921 801 1965 non
830 1901 954 1966 exsolvi
982 1902 1188 1967 confirmatur
1216 1939 1258 1950 -
1286 1901 1362 1967 illas

141 2004 306 2070 tollendas
328 2024 442 2069 curare
466 2009 497 2068 et
519 2004 649 2070 tabulas
671 2003 718 2068 rei
741 2003 930 2088 probandae
955 2025 1054 2071 causa
1083 2005 1211 2070 nomine
1234 2006 1361 2071 scribae

142 2108 315 2173 subnotato
339 2112 515 2192 reportare.
559 2107 711 2173 Praeoise
726 2106 835 2171 omnia
851 2107 1050 2190 carptimque
1065 2108 1187 2192 scripta
1201 2108 1361 2193 videntur,

142 2231 244 2293 quare
266 2211 387 2275 nullam
414 2209 529 2275 tutoris
562 2209 757 2274 mentionem
785 2208 855 2273 fieri
884 2210 1015 2275 minime
1042 2210 1167 2276 mirum.
1211 2211 1360 2277 Ceterum

141 2314 200 2379 illa
228 2315 330 2380 verba
358 2313 538 2378 Λιουκίοκω
561 2310 675 2377 Θιουίω
703 2310 738 2376 τὸ
761 2309 983 2397 σουνοίλλαγμα
1005 2350 1045 2360 -
1073 2334 1145 2379 eum
1169 2335 1188 2379 a
1210 2315 1362 2379 Fouoarti

141 2417 291 2503 partibus
314 2415 480 2483 discedam
503 2422 535 2482 et
549 2415 732 2481 Thalheimi
752 2415 937 2501 suscipiam,
960 2416 1128 2499 quisnam
1151 2417 1361 2503 ipsemecum

141 2521 337 2586 sententiam
370 2519 618 2585 communicavit
649 2556 692 2567 -
725 2518 932 2586 distinctione
964 2519 1095 2585 sublata
1127 2519 1170 2585 ad
1204 2540 1244 2585 ea
1277 2540 1361 2603 quae

141 2622 341 2689 antecedunt
372 2622 489 2705 refero,
521 2622 568 2687 ita
598 2628 633 2687 ut
661 2622 756 2707 primi
784 2623 885 2687 mutui
912 2628 1038 2707 tempus
1065 2621 1221 2688 addatur:
1250 2629 1362 2689 contra

140 2725 224 2791 illud
248 2723 423 2810 Ξενοκρίτω
442 2722 672 2812 Ἀλαλκομενίω
700 2726 744 2791 ad
771 2725 904 2791 huiusce
932 2726 1107 2791 testimonii
1130 2731 1257 2810 tempus
1280 2726 1360 2791 refe·
1466 2794 1472 2806 ,

140 2828 279 2894 rendum
312 2828 419 2894 omnia
452 2834 563 2893 mutua
596 2828 746 2894 continet.
802 2829 999 2910 Argumento
1027 2828 1105 2893 mihi
1134 2836 1184 2894 est
1212 2828 1298 2911 quod
1326 2827 1360 2893 in

140 2952 164 2997 ν
187 2931 226 2996 75
250 2932 405 3017 temporis
427 2930 603 3016 descriptio
625 2937 698 3016 post
719 2931 867 2996 ultimam
888 2931 1075 3016 pensionem
1097 2931 1225 3015 legitur.

227 3070 297 3135 Hoc
315 3069 415 3153 igitur
430 3067 573 3133 debitum
588 3074 800 3153 posteaquam
824 3074 912 3135 certa
935 3067 989 3133 die
1011 3068 1193 3134 exsolutum
1215 3088 1279 3134 non
1302 3074 1360 3152 est,

140 3180 178 3239 ut
192 3172 274 3238 XIX
296 3172 386 3237 milia
407 3172 610 3254 octingentas
632 3177 698 3238 tres
721 3177 754 3237 et
768 3171 901 3255 triginta
917 3172 1089 3238 drachmas
1111 3171 1242 3254 efficiat,
1265 3177 1361 3257 pacto

140 3276 324 3341 destinatur
345 3296 367 3341 ν
391 3275 452 3340 124
473 3294 533 3357 sqq
555 3273 625 3357 (db
654 3273 706 3340 eni
732 3275 876 3360 pactioni
903 3274 1039 3341 maritus
1060 3275 1235 3342 Nicaretae
1264 3273 1359 3340 adest
1480 3359 1484 3364 ἢ

141 3385 177 3444 et
198 3399 256 3463 pro
280 3378 412 3445 civitate
434 3376 718 3443 Orchomeniorum
739 3376 952 3462 polemarohi:

186 3496 337 3585 ὁμολογία
358 3495 517 3583 Νικαρέτη
540 3496 658 3575 Θίωνος
679 3496 835 3582 Θεισπικῆ
861 3495 1012 3582 παρόντος
1033 3496 1191 3583 Νικαρέτη
1219 3496 1360 3576 Δεξίππω

185 3594 361 3691 Εὔνομίδαο
383 3607 427 3665 τῶ
450 3597 560 3685 ἀνδρὸς
582 3599 744 3679 Θεσπιεῖος
766 3602 810 3686 κὴ
832 3601 872 3686 τῆ
894 3600 968 3665 πόλι
985 3599 1207 3687 Ἐρχομενίων.
1230 3610 1361 3685 παρεῖαν

186 3704 282 3789 consp
303 3705 358 3781 τᾶς
379 3703 485 3782 πόλιος
506 3705 711 3791 πολέμαρχοι.

141 3824 242 3891 Aliud
274 3824 470 3909 promittitur
502 3830 649 3910 pactum,
694 3845 757 3908 quo
792 3829 825 3889 et
859 3843 930 3890 cum
963 3822 1179 3908 polemarohis
1211 3843 1277 3888 una
1310 3823 1363 3888 de-

142 3948 213 3993 cem
241 3927 328 3993 cives
361 3926 564 3993 Orchomenii
600 3928 769 4012 pecuniam
804 3927 895 3992 illam
927 3927 1013 3991 intra
1040 3932 1166 4010 tempus
1195 3924 1363 3992 definitum

140 4030 392 4117 persolvendam
420 4035 588 4114 praestent
616 4035 657 4113 et,
691 4029 719 4094 si
749 4029 827 4112 quid
855 4028 1020 4113 acciderit,
1056 4027 1200 4109 utrisque
1222 4029 1362 4095 mulctae

142 4135 358 4219 imponantur.
402 4132 480 4197 Eius
501 4132 590 4218 pacti
613 4132 775 4217 privatin
799 4134 838 4196 79
861 4133 911 4215 (F)
935 4130 1102 4197 exordium
1124 4130 1278 4195 eontinet:
1302 4152 1363 4198 nec

142 4237 250 4300 minus
271 4235 444 4302 Nicaretae
477 4241 563 4300 tutor
595 4235 729 4301 maritus
752 4234 860 4301 adest:
896 4233 1068 4316 verbisque
1096 4233 1175 4317 ipsis
1197 4233 1231 4297 in
1253 4241 1362 4300 mutuo

144 4338 254 4406 dando
277 4337 501 4405 auctoritatem
524 4338 639 4403 tutoris
660 4336 929 4422 interponendam
951 4336 1051 4401 fuisse
1072 4337 1244 4421 probatur:

1176 4454 1208 4509 2*
