3142 4950
729 312 765 375 11

189 513 329 603 Ιφικρίτη
358 516 502 602 Χαιρέλα
528 515 709 594 ’Eratonos
736 516 815 603 μετὰ
841 520 955 605 κυρίων
976 520 1174 608 Τιμοκράτου
1196 525 1251 588 καὶ
1271 522 1350 588 Χαι-

180 618 257 704 ρὲλα
278 619 470 706 Χαβυσσίου.

136 765 204 831 Ηυυ
227 767 312 831 enim
334 773 470 833 stemma
491 774 614 833 statuo:

542 911 719 980 Chaerelas

543 1170 709 1256 Iphicrate
724 1193 732 1235 ι
748 1169 818 1235 eius
839 1173 973 1239 maritus
995 1173 1194 1260 Ohabyssius

408 1318 1017 1607 Timocratessserelabfhido

133 1676 174 1723 ne
196 1664 325 1742 praeter
346 1665 471 1746 patrem
493 1668 627 1748 patruus
649 1668 735 1728 tutor
756 1682 828 1728 esso
850 1660 1008 1727 videatur.
1035 1699 1079 1709 —
1101 1661 1191 1727 Siout
1212 1661 1245 1727 in
1266 1682 1288 1728 v
1307 1662 1346 1727 77

132 1757 218 1825 filius
234 1761 345 1828 matris
360 1763 478 1830 viduae
493 1771 579 1832 tutor
593 1766 626 1832 in
641 1767 745 1832 altero
760 1765 853 1831 titulo
864 1764 967 1829 Tenio
983 1764 1047 1847 (CJ
1061 1765 1104 1849 11,
1118 1764 1231 1831 2338b
1248 1767 1348 1850 exul:

176 1861 193 1927 ὁ
216 1865 300 1934 δεῖνα
323 1866 463 1933 ἐπέδωκε
483 1875 527 1955 τῷ
549 1870 623 1936 δεῖνι
640 1866 903 1954 Ἀριστοκράτους
923 1866 1040 1954 Γυραεῖ
1059 1868 1110 1933 ἐπὶ
1129 1867 1286 1956 Νικησίλιρ
1308 1875 1347 1955 τῇ

176 1970 269 2055 μητρὶ
289 1976 328 2057 τῇ
351 1967 446 2035 αὑτοῦ
459 2021 551 2037 .....

131 2105 202 2175 Neo
223 2108 486 2198 aliterllrythris
507 2111 542 2176 in
562 2110 622 2175 filii
642 2110 746 2176 tutela
767 2109 868 2176 vidua
890 2115 954 2175 est:

185 2210 384 2299 Αρισταγόρη
417 2211 649 2298 Διονυσοδώρου
687 2211 765 2300 μετὰ
797 2218 852 2278 τοῦ
888 2209 998 2289 παιδὸς
1029 2210 1260 2298 Διονυσοδώρου
1293 2212 1347 2278 τοῦ

172 2311 393 2401 Ἀριστομὲνου
415 2315 610 2404 κληρονόμος
632 2315 710 2381 οὖσα
734 2316 795 2382 τών
812 2313 1034 2400 Ἀριστορὲνου
1056 2315 1111 2379 τοῦ
1132 2314 1346 2400 Μητροδώρου

173 2417 258 2485 κατὰ
274 2418 435 2508 διαθήκην
452 2420 675 2507 διασυνίστιρσιν
692 2418 845 2507 ίερητείαν
859 2416 898 2506 ῆν
915 2415 1072 2505 ἠγόρασεν
1085 2416 1308 2508 Ἀριστομένης
1315 2421 1346 2503 ¹).

216 2539 260 2606 Ut
292 2539 336 2606 ad
366 2540 504 2609 Dorioas
536 2541 685 2609 civitates
716 2547 936 2625 transeamus,
975 2539 1016 2606 ds
1048 2541 1151 2607 tutela
1183 2541 1347 2608 Laconica

131 2643 260 2710 omnino
291 2644 371 2710 nihil
403 2645 577 2713 memoriae
604 2645 767 2733 proditum
793 2652 856 2712 est:
890 2650 989 2727 atque
1015 2642 1165 2728 tannes)
1195 2664 1348 2729 magnam

132 2753 241 2813 censet
262 2746 422 2815 Lacaenis
443 2749 543 2817 fuisse
565 2770 623 2817 suo
646 2750 774 2817 nomine
803 2748 923 2834 agendi
950 2753 1154 2833 potestatem.
1197 2748 1347 2816 Theraeo

129 2849 281 2935 Epicteto
295 2850 408 2918 Grinni
421 2852 491 2919 filio
508 2859 721 2939 posteaquam
743 2875 764 2920 a
786 2852 903 2919 marito
925 2858 958 2918 et
980 2873 1001 2918 a
1021 2850 1097 2917 liliis
1119 2849 1245 2917 duobus
1268 2853 1348 2919 orba

132 2960 190 3039 est,
212 2974 366 3037 generum
388 2961 527 3022 tutorem
547 2957 657 3043 habet,
679 2977 744 3023 non
764 2956 896 3022 fratrem
918 2954 1116 3041 adoptivum.
1161 2954 1240 3020 Oum
1263 2955 1348 3019 enim

131 3064 357 3124 enumerentur
388 3058 605 3144 propinqui³),
643 3066 717 3145 post
753 3078 908 3142 generum
940 3057 1124 3124 nominatur
1144 3054 1348 3143 Ἂντισδὲνης

127 3157 288 3239 Ἰσοκλεῦς
315 3159 399 3227 κατὰ
426 3162 462 3227 δὲ
488 3159 638 3229 trisuleo
664 3161 806 3248 Pptwoo,
839 3159 957 3227 deinde
985 3166 1093 3227 nutem
1120 3159 1214 3227 huius
1247 3160 1347 3227 freter

133 3266 390 3350 consanguineus
401 3287 466 3332 non
480 3267 557 3332 item
569 3265 744 3352 adoptatus
754 3262 983 3352 Ἀριστόδαρος
993 3261 1163 3341 Ἰσοκλεῦς.
1197 3263 1347 3331 Sororem

12 3435 14 3440 ⁴
132 3368 310 3455 Epiotetae‚
323 3391 395 3438 oum
407 3376 493 3437 esset
504 3370 673 3455 epioleros,
688 3368 821 3435 duxisse
830 3367 1038 3434 Antisthenes
1052 3366 1189 3432 videtur.
1223 3365 1346 3443 Quodsi

130 3492 230 3556 gener
257 3475 393 3541 tutelam
423 3474 538 3559 habet,
570 3473 621 3539 ius
652 3470 884 3538 hereditarium
914 3469 1168 3558 respiciendum,
1202 3490 1274 3536 oum
1303 3469 1347 3536 ad

130 3799 204 3842 nom.
239 3781 319 3842 Nous
336 3799 372 3841 no
389 3798 503 3856 voyons
520 3797 574 3854 pas
592 3783 621 3838 la
639 3782 762 3840 solution
781 3781 817 3838 de
836 3786 911 3837 nette
930 3779 1135 3838 difficulte“.-
1147 3780 1188 3837 At
1204 3781 1345 3839 Aloisthe·

131 3889 181 3928 nes
204 3873 296 3942 primo
320 3872 384 3927 loeo
407 3872 518 3927 minime
540 3871 658 3926 ementis
681 3870 848 3940 Arionium,
866 3870 950 3925 immo
975 3870 1035 3925 eius
1059 3884 1133 3940 quae
1150 3870 1250 3925 vendit
1266 3875 1346 3930 tutor

131 3966 188 4016 est:
209 3960 296 4015 etita
314 3960 376 4028 ipse
394 3960 517 4014 Dareste
535 3958 564 4030 (p
582 3958 644 4029 380)
662 3962 741 4014 recto
759 3958 856 4014 vortit.

217 4064 237 4134 1)
272 4062 482 4134 Dittenborger‚
501 4062 616 4134 Sylloge
633 4064 659 4120 N
677 4063 728 4119 370
745 4079 766 4118 τ
784 4063 844 4117 150.

215 4150 238 4221 ¹)
273 4152 329 4206 Les
347 4150 522 4206 institutione
540 4151 663 4207 sooiales
681 4156 711 4207 et
727 4151 754 4205 lo
772 4150 849 4205 droit
867 4147 934 4204 civil
952 4149 969 4203 ‘a
988 4146 1104 4216 Spartel
1116 4163 1135 4217 p
1149 4150 1199 4204 110
1217 4149 1257 4218 (=
1272 4150 1343 4205 Mem

130 4237 166 4294 de
183 4238 201 4294 l’
220 4238 293 4294 acad
311 4236 394 4293 d’Aix
411 4237 457 4306 Χ).

217 4326 238 4395 ⁸)
274 4324 364 4395 0111,
383 4325 452 4381 2448
469 4327 561 4380 11115.
