3142 4950
735 318 755 381 3

137 531 189 592 tur
217 523 394 613 ἀνθοφόρος
419 530 475 591 καὶ
502 527 547 604 δὶς
574 525 710 612 ἀρχεῖτις
737 528 793 590 καὶ
813 532 978 611 πειμοῡχος
998 528 1055 590 καὶ
1075 526 1127 590 διὰ
1150 527 1218 613 βίον
1240 550 1351 613 στεφα-

139 628 275 715 νηφόρος
296 631 351 713 (01
372 629 415 714 Π,
437 628 532 714 2162,
549 630 592 714 3),
615 628 786 695 Phocaeae
806 627 951 714 πρύτανις
977 628 1211 715 στεφανηφόρος
1232 631 1277 708 δὶς
1298 633 1353 696 καὶ

138 732 234 818 ῑὲρεια
261 733 316 819 τῆς
343 733 529 811 Μασσαλίας
557 731 746 818 ἀγωνοθέτις
768 732 824 814 (ΟΙ
844 731 887 816 Π,
910 732 1005 815 3415,
1027 730 1070 816 4),
1094 733 1252 818 reperitur
1272 734 1352 800 Tra·

137 836 287 920 pezopoli
315 837 348 902 in
376 836 497 923 oppido
525 835 687 921 Phrygiae
714 834 836 901 femina
863 832 1008 919 πρύτανις
1035 836 1090 899 καὶ
1118 834 1351 921 στεφανηφόρος

138 938 193 1021 (OI
204 937 263 1022 HI,
278 937 395 1004 3953d
410 938 454 1024 4),
468 936 796 1024 πανηγυριαρχήσασα
811 937 909 1003 Gnidi
920 937 975 1020 (01
985 937 1027 1023 11,
1039 935 1134 1020 2653,
1146 939 1188 1023 8),
1197 935 1353 1023 Ἀσιαρχίς

136 1041 297 1123 Smyrnae
333 1040 389 1126 (el
421 1040 463 1125 Π,
497 1039 596 1105 3324;
629 1040 661 1106 Μ
693 1040 806 1126 Αὐρηλ
837 1038 946 1127 Ζήνων
966 1043 1022 1105 καὶ
1042 1040 1075 1105 Μ
1102 1040 1154 1106 Κλ
1183 1039 1349 1125 Ἰουλιανή,

133 1137 297 1230 Ἀσιάρχοιι
325 1145 394 1230 δίς),
423 1144 582 1210 Sebastae
603 1143 637 1209 in
659 1143 780 1229 oppido
803 1142 966 1230 Phrygiae
987 1143 1083 1231 rapta
1106 1145 1161 1227 (el
1185 1145 1243 1228 ΠΙ,
1266 1143 1348 1209 3871

136 1248 157 1314 b
178 1248 224 1334 4),
247 1248 386 1333 Spartae
408 1246 651 1334 dotvoppo'ccpsa
671 1249 727 1312 καὶ
748 1244 909 1333 ἀγορᾶχος
932 1246 988 1332 (ΟΙ
1009 1248 1035 1332 Ι,
1060 1248 1151 1332 1446,
1172 1249 1242 1312 aar
1258 1247 1350 1330 1451,

136 1349 173 1434 53
207 1349 255 1415 cfr
286 1351 358 1417 Mus
389 1350 480 1417 Rhen
508 1351 596 1435 XIV,
629 1351 692 1416 522
725 1349 848 1434 adnot).
876 1351 1065 1418 -Verum
1093 1371 1157 1417 non
1184 1357 1252 1416 tam
1281 1370 1353 1416 esse

137 1453 346 1537 magistratus
385 1454 536 1520 mulieres
567 1453 718 1520 videntur
750 1473 849 1537 quam
881 1454 1011 1520 honoris
1044 1473 1144 1520 causa
1180 1453 1351 1539 appellari,

136 1557 219 1623 sicut
240 1557 341 1623 multo
363 1556 429 1624 iam
451 1563 528 1624 ante
543 1558 670 1625 aaronis
690 1577 729 1623 ae
744 1559 861 1623 statuis
876 1556 1126 1641 honorabantur,
1142 1576 1352 1641 quaecunque

136 1660 274 1747 pecunia
300 1660 479 1727 liberaliter
506 1661 540 1726 in
567 1680 735 1727 commune
762 1659 842 1726 data
869 1661 911 1727 de
938 1681 974 1728 re
1000 1660 1132 1747 publica
1154 1662 1238 1727 bene
1259 1666 1352 1725 erant

135 1762 280 1931 gueritlae.
325 1762 539 1951 (pontirmatur
567 1762 649 1831 haec
676 1763 837 1831 sententia
864 1764 958 1830 titulo
986 1763 1095 1831 Samio
1123 1762 1229 1848 (Rosa,
1261 1764 1353 1828 Inser

166 1886 182 1930 r
203 1866 218 1931 Ι
237 1917 245 1950 ,
270 1866 331 1931 193
353 1890 361 1930 :

174 1983 217 2051 ‘0
240 1987 338 2072 δῆμος
361 1984 378 2051 ὁ
399 1986 528 2073 Μηλίων
555 1986 765 2074 Σαρειβωνίαν
787 1987 970 2074 Φιλωτὲραν
989 1987 1047 2071 τήν
1069 1986 1182 2051 ἑαυτοῦ
1203 1983 1351 2070 πρόξενον

177 2090 233 2153 καὶ
254 2085 420 2176 εὐεργέτην
441 2089 500 2154 κτλ
521 2090 617 2168 θεοῖς.

134 2210 203 2279 Nec
233 2232 310 2279 uero
343 2213 413 2279 iure
444 2214 526 2279 Ross
557 2212 746 2300 proxeniam
774 2217 869 2296 putat
897 2210 988 2277 illam
1020 2230 1147 2295 semper
1175 2211 1209 2275 in
1235 2209 1351 2277 eadem

38 2307 45 2318 ’
135 2314 261 2381 familia
283 2312 395 2382 liberis
423 2338 444 2383 a
470 2317 617 2402 patribus
639 2315 794 2383 traditam
812 2315 902 2380 uelut
925 2314 1058 2381 Athenis
1079 2312 1351 2380 Lacedaemonio·

135 2416 247 2505 rum1),
279 2418 327 2484 ita
358 2424 393 2485 ut
424 2418 512 2485 filiae
545 2439 672 2504 quoque
707 2419 867 2508 ἐπικλήρῳ
900 2425 1011 2507 posset
1044 2419 1226 2503 obtingere:
1253 2418 1350 2485 immo

136 2521 380 2588 Atheniensium
417 2543 486 2589 mos
523 2523 734 2609 proferendus
770 2531 829 2610 est,
867 2524 922 2609 qui
957 2524 1127 2610 plebiscito
1163 2522 1352 2609 peregrinos

135 2623 176 2689 de
205 2625 337 2691 civitate
365 2626 485 2712 optime
511 2627 642 2693 meritos
671 2627 884 2712 appellabant
905 2625 1070 2713 προξένους
1092 2632 1125 2692 et
1147 2622 1351 2712 εὐεργέτας).

134 2726 201 2792 Sed
237 2727 316 2811 quid
352 2728 394 2795 de
430 2728 599 2814 Cyrenaeo
633 2728 866 2797 iudicandum?
923 2729 1000 2794 Iniit
1034 2729 1093 2795 illa
1126 2729 1350 2813 magistratum

134 2831 267 2915 nullum,
297 2851 396 2915 quare
425 2832 553 2898 omnino
581 2831 662 2898 nihil
690 2833 770 2899 certi
793 2838 932 2898 constat:
962 2830 1050 2899 cives
1072 2831 1106 2896 id
1127 2830 1350 2897 tantummodo

133 2934 276 3019 petiisse,
298 2940 334 3000 ut
356 2935 561 3001 consiliorum
584 2943 697 3002 auctor
718 2935 819 3020 lieret,
842 2935 920 3000 mihi
945 2935 1015 3000 veri
1036 2935 1141 3000 simile
1164 2941 1221 3001 est.
1260 2936 1350 3001 Oete·

134 3056 204 3101 rum
225 3056 267 3101 ne
288 3038 410 3102 Romae
433 3036 563 3121 quidem
584 3058 724 3121 unquam
747 3037 878 3122 antidit,
901 3044 935 3104 ut
956 3037 1071 3103 mulier
1092 3037 1136 3103 ad
1157 3056 1225 3102 rem
1247 3037 1351 3122 puhli-

134 3158 205 3204 cam
229 3139 409 3224 accederet,
431 3139 495 3206 nisi
516 3140 692 3225 imperator
714 3139 974 3207 dementissimus
994 3140 1176 3205 Antoninus
1198 3140 1349 3224 Helioga·

135 3241 231 3308 halus
253 3243 286 3307 in
308 3247 456 3308 senatum
478 3244 587 3327 rogari
607 3251 746 3310 matrem
767 3264 860 3309 suam
881 3243 989 3309 iussit:
1012 3261 1095 3326 quae
1111 3263 1183 3309 eum
1197 3243 1350 3328 venisset,

134 3352 252 3412 vocata
284 3346 328 3412 ad
356 3347 523 3414 consulum
551 3347 707 3413 subsellia
734 3344 906 3415 scribendo
935 3344 1050 3430 adfuit,
1077 3344 1111 3409 id
1140 3352 1189 3412 est
1218 3352 1349 3414 senatus

135 3447 274 3514 consulti
295 3448 487 3514 conficiendi
507 3449 616 3533 testis,
638 3449 726 3515 idem
747 3450 825 3516 fecit
845 3450 879 3513 in
902 3449 985 3515 colle
1007 3446 1167 3525 Quirinali
1180 3450 1350 3516 mulierum

136 3556 283 3616 senatum
312 3551 437 3636 (Aelius
464 3551 671 3637 Lampridius
697 3553 743 3636 4).
794 3551 997 3636 Quamquam
1023 3553 1057 3617 in
1079 3552 1159 3619 Asia
1181 3553 1349 3639 compluri-

136 3654 197 3719 bus
225 3655 364 3720 saeculis
392 3660 467 3720 ante
495 3653 608 3739 regina
635 3654 696 3721 fuit
722 3656 1059 3723 Halicarnassensium
1080 3656 1255 3723 Artemisia
1275 3663 1350 3742 post

135 3756 243 3824 mariti
264 3764 420 3824 mortem·

218 3875 416 3943 Sacerdotiis
442 3896 596 3964 praeesse
623 3877 774 3943 mulieres
803 3883 952 3963 possunt:
975 3876 1037 3943 etsi
1059 3896 1154 3943 sacra
1175 3876 1349 3963 disciplina

133 3979 292 4066 postulari
313 3980 405 4062 solet,
427 3986 462 4046 ut
475 3979 619 4046 deorum
639 3980 709 4064 viri,
724 3980 876 4046 mulieres
891 3987 1000 4047 autem
1015 3980 1146 4045 dearum
1161 3980 1348 4047 sacerdotes

220 4238 242 4308 1)
277 4236 445 4306 Xenophon,
462 4236 527 4292 Hell
544 4237 579 4306 V,
596 4237 622 4307 4,
639 4236 674 4291 23
692 4240 722 4291 et
739 4236 787 4305 VI,
805 4237 822 4290 3
840 4239 864 4291 4.

218 4323 242 4393 ²)
279 4324 305 4380 G
323 4322 442 4395 Gilhert,
459 4323 568 4395 Antiqu
585 4322 653 4394 publ
671 4323 693 4393 I,
712 4321 772 4380 173.
