3142 4950
637 323 839 420 „AL-

131 532 186 597 ubi
209 531 461 616 intellegendum
483 534 622 597 tutorem
644 548 717 595 esse
738 530 808 596 veri
829 528 943 595 simile.
992 528 1145 594 Attamen
1166 530 1200 595 in
1221 531 1251 597 N
1276 532 1345 605 130,

129 635 187 700 ubi
208 635 343 701 Aetolus
365 634 497 719 quidam
518 652 617 698 manu
638 633 751 697 mittit:

174 736 219 823 οἳμ
240 736 391 824 πρότερον
413 735 539 823 ἐπρίατο
562 736 649 821 παρὰ
671 734 891 822 Τελεσαγόρου
913 737 968 800 καὶ
986 733 1220 822 Ἀριστοβουλας

132 841 218 906 etin
239 841 270 908 N
291 841 354 905 247

176 942 213 1011 ἂν
235 944 362 1029 ἐπρίατο
385 942 476 1021 αὐτὸς
498 940 585 1027 παρὰ
602 941 807 1028 Ἀριστάρχου
829 944 884 1006 καί
904 938 1190 1028 ΔαμωςἘριναίων

133 1048 328 1131 coniugesne
356 1068 428 1113 oum
456 1045 648 1112 Thalheimo
661 1044 684 1130 1)
717 1066 760 1110 an
793 1049 929 1110 tutorem
962 1044 1150 1112 venditrieis
1177 1067 1220 1112 an
1248 1045 1345 1111 aliam

132 1151 291 1217 rationem
313 1156 504 1234 statuamus,
527 1170 590 1215 non
613 1147 694 1214 satis
716 1148 921 1233 exploratum
942 1147 1079 1214 videtur.

216 1270 266 1335 De
288 1269 372 1335 tituli
394 1267 525 1354 Mylasii
537 1266 561 1352 ²)
583 1266 692 1360 verbis
713 1267 764 1332 bis
786 1266 932 1351 repetitis

176 1372 197 1437 οἳ
218 1372 423 1458 προςεπρίατο
446 1365 463 1436 ὁ
486 1370 632 1456 Θρασέας
653 1370 739 1454 παραὶ
758 1367 949 1455 Ἀρτεμισίας
969 1369 1025 1454 τῆς
1038 1366 1210 1434 Ἑκαταίου
1226 1370 1347 1457 Κεταμ-

176 1476 291 1564 βίσσιος

131 1579 210 1662 quid
231 1580 274 1645 sit
295 1576 514 1661 iudicandum,
547 1597 606 1662 pro
638 1575 679 1641 iis
715 1594 800 1658 quae
832 1573 927 1641 modo
960 1573 1099 1639 diximus
1128 1574 1260 1641 dubium
1283 1597 1347 1642 non

132 1683 210 1748 erit:
232 1682 310 1765 quid
332 1681 465 1747 tandem
485 1680 619 1746 interest
633 1678 733 1745 hoooe
754 1679 827 1743 loeo
847 1678 962 1744 tutoris
977 1697 1104 1761 quoque
1126 1697 1243 1744 nomen
1257 1678 1347 1763 addi,

132 1806 205 1852 oum
226 1785 312 1851 illius
334 1784 462 1870 pristini
484 1782 606 1867 negotii
633 1803 699 1848 non
718 1781 777 1847 liat
798 1780 917 1846 mentio
944 1781 1008 1847 nisi
1028 1782 1155 1848 obiter?
1199 1783 1347 1849 Ceterum

131 1889 166 1954 in
187 1888 249 1954 hoo
269 1889 342 1974 ipso
365 1887 485 1973 oppido
500 1886 650 1969 Mylasae
672 1905 745 1952 oum
759 1904 843 1950 unus
857 1885 952 1950 alteri
973 1885 1210 1971 possessionem
1232 1885 1347 1953 vicinis

131 1989 300 2057 advooatis
321 1990 441 2074 tradat,
463 1989 533 2056 eius
555 1989 610 2071 qui
623 1989 738 2071 kyrios
760 1993 810 2054 est
823 1988 926 2073 patris
941 1987 1085 2054 absentis
1106 1989 1193 2054 vices
1209 1989 1347 2075 epitropi

132 2100 199 2160 tres
221 2094 399 2178 suscipiunt
411 2092 445 2174 ³).

215 2214 412 2298 Aegyptium
434 2217 541 2279 exstat
561 2210 729 2280 Neohutae
751 2210 838 2294 quod
861 2210 978 2277 dieitur
1005 2212 1249 2280 instrumentum
1272 2214 1349 2279 anni

130 2317 178 2384 οὒ
190 2316 287 2383 otu:
309 2314 484 2382 Pinonthes
498 2315 548 2381 vir
563 2334 719 2380 annorum
735 2314 831 2379 trium
855 2321 886 2379 et
907 2314 1041 2398 triginta
1057 2321 1090 2380 et
1105 2315 1346 2382 Snaohomneus

130 2419 256 2505 viginti,
291 2419 473 2486 Semmuths
501 2417 615 2503 uiginti
643 2416 707 2483 duo
737 2437 839 2483 annos
867 2424 945 2484 nata
974 2424 1005 2484 et
1033 2417 1176 2486 Tathaut
1203 2419 1347 2505 triginta,

133 2523 278 2609 germani
293 2529 454 2607 quattuor,
472 2542 586 2606 agrum
599 2520 767 2587 Neohutae
781 2521 934 2587 vendunt.
970 2522 1160 2588 Mulieribus
1175 2524 1348 2590 nominatis

131 2628 270 2711 legimus
291 2626 388 2691 haee:
417 2644 511 2710 „oum
539 2630 645 2690 tutore
672 2623 816 2709 ipsarum
839 2624 997 2691 Pinonthe
1024 2646 1089 2692 una
1117 2645 1190 2692 oum
1211 2627 1251 2693 iis
1273 2648 1347 2693 ven·

132 2730 250 2796 dente“
283 2728 376 2817 (μετὰ
408 2727 515 2813 κυρίου
547 2728 603 2793 τοῦ
631 2726 905 2812 συναποδομένου).
960 2729 993 2793 Is
1026 2747 1158 2795 numero
1191 2729 1348 2814 singulari

134 2830 268 2899 ἀπέδοτο
290 2832 441 2917 princeps
464 2837 496 2896 et
522 2831 575 2896 hio
603 2830 804 2914 signifieatur
836 2836 869 2895 et
900 2831 934 2896 in
955 2831 1090 2916 parvulo
1114 2830 1347 2917 additamento,

133 2938 166 3003 in
189 2956 251 3019 quo
273 2941 340 3001 tres
362 2940 486 3000 eeteros
507 2953 566 3019 per
586 2933 713 2998 litteras
735 2933 929 3021 astipulatos
950 2935 1126 3020 ascriptum
1149 2941 1206 3001 est.
1250 2935 1347 3000 Haud

133 3039 231 3105 dubie
253 3038 354 3103 frater
375 3042 453 3102 natu
476 3036 637 3101 maximus
660 3056 827 3101 commune
849 3036 1076 3121 patrimonium
1099 3036 1303 3103 administrat
1314 3039 1348 3118 ⁴).

130 3142 237 3207 Etiam
249 3141 402 3208 Antonini
408 3140 459 3205 Pii
471 3140 678 3225 temporibus,
691 3159 763 3204 oum
771 3138 986 3225 Thinzmepos
1001 3138 1133 3204 fundum
1140 3139 1345 3207 Elefantinae

219 3382 240 3451 ¹)
275 3381 383 3451 Antiqu
405 3379 502 3435 forent
524 3381 580 3450 p9.
602 3379 647 3434 De
664 3379 884 3434 manumissione
899 3394 917 3434 a
931 3378 1099 3449 coningibus
1118 3377 1197 3435 faeta
1215 3379 1258 3434 afr
1271 3379 1347 3436 infra

131 3486 150 3540 p
172 3470 208 3524 40
227 3485 288 3539 sqq.

218 3557 240 3624 ²)
277 3555 314 3611 01
334 3556 368 3625 ΙΙ,
387 3554 483 3624 26932
502 3577 530 3600 =
550 3553 591 3607 Le
609 3553 675 3621 Bas,
694 3552 763 3606 Asie
781 3555 838 3606 min
856 3553 882 3609 N
898 3553 958 3607 416.

219 3644 244 3711 ί)
278 3644 319 3697 Le
336 3644 394 3698 Bas
412 3643 438 3697 N
450 3642 516 3696 415:
544 3639 588 3695 cfr
605 3655 693 3708 supra
709 3656 728 3708 p
750 3640 790 3694 12.

167 3734 314 3797 ἐνεβίβασεν
336 3733 366 3783 δὲ
389 3725 486 3793 αὐτοὺς
509 3732 624 3780 ἐναντίον
642 3727 781 3794 μαρτύρων
802 3730 854 3779 τῶν
871 3724 976 3793 ὁμόρων
994 3728 1059 3792 (τῶν
1077 3728 1163 3791 δεῖνα)
1181 3730 1229 3777 καί
1246 3728 1347 3777 ἐκτῶν

165 3818 255 3872 ἄλλων
279 3820 364 3885 μερῶν
380 3815 562 3885 Δημητριάδος
579 3817 628 3882 τῆς
647 3829 655 3845 ·
672 3831 678 3843 ·
701 3819 811 3883 μητρίου
835 3815 900 3880 μοτοὶ
918 3818 1011 3879 κυρίου
1023 3816 1071 3865 τοῦ
1083 3812 1202 3878 πατρὸς·
1215 3827 1222 3840 ·
1235 3828 1242 3841 ·
1254 3817 1347 3879 ητρίου

166 3906 213 3962 τοῦ
233 3904 343 3972 Ἑρμίου
364 3906 411 3956 τοῦ
430 3898 597 3968 Ἀντιπάτρου
620 3901 692 3954 κατοὶ
716 3905 747 3954 δὲ
769 3899 895 3953 liettoldo
920 3904 1013 3954 Αἰνέου
1031 3903 1083 3953 τῶν
1101 3897 1247 3965 ἐπιτρόπων
1266 3894 1347 3952 αὐτοῦ

165 3993 242 4056 ὄντος
265 3987 406 4059 ἀποδήμου
429 3993 522 4042 Αίνίου
545 3987 592 4040 τοῦ
616 3991 762 4055 Δημητρίου
781 3992 874 4055 ἱερέως
887 3983 1052 4050 Ἀπόλλωνος
1069 3988 1170 4039 Πυθίου
1188 4003 1226 4039 αα
1239 4002 1345 4015 ······

165 4082 212 4133 τοῦ
228 4077 339 4145 Ἐρμίου
356 4078 404 4128 τοῦ
419 4071 586 4142 Ἀντιπάτρου
604 4077 653 4127 καί
667 4069 779 4127 Ἀττίνου
797 4077 845 4127 τοῦ
860 4073 970 4142 Ἑρμίου
988 4073 1035 4126 τοῦ
1049 4068 1225 4138 Ἀντιπάτρου.

216 4165 244 4231 ⁴)
278 4161 405 4231 Borean,
416 4159 549 4218 Abhandl
560 4161 656 4217 Berlin
667 4159 752 4216 Akad
764 4160 893 4230 phil-hist
903 4161 1022 4230 1820s21.
1045 4159 1179 4228 Schmidt,
1187 4157 1347 4214 Forsolrun·
1364 4164 1367 4168 ’

131 4268 186 4322 gen
212 4250 265 4307 auf
285 4251 304 4306 d
327 4248 447 4305 Gebiete
469 4248 489 4304 d
512 4249 606 4304 Altert
627 4249 650 4317 Ι,
673 4248 734 4302 292.
769 4250 917 4318 Leonam,
938 4247 1046 4318 Papyri
1064 4244 1168 4302 Graeoi
1185 4246 1246 4300 Mus
1264 4246 1348 4316 Lugd

131 4340 186 4394 Bat
203 4337 303 4408 1,,414.
1180 4402 1197 4457 2
