3142 4950
807 276 849 344 28

219 485 329 551 munia
352 492 425 552 sunt
446 487 524 553 viris
547 493 579 553 et
600 487 787 553 mulieribus
810 487 882 552 iura
909 523 946 533 -
970 507 1046 553 nam
1068 486 1112 553 ad
1134 487 1318 555 sacerdotia
1340 507 1436 570 quae·

218 585 295 653 dam
310 587 449 656 feminae
464 591 693 675 perveniunt1)
708 610 768 656 nec
782 589 890 655 iurare
904 594 1054 655 vetantur
1066 590 1089 674 ²)
1106 629 1145 639 —
1161 597 1228 657 tum
1243 612 1264 657 a
1278 591 1435 674 religione

220 689 302 755 illud
325 692 477 758 abhorret
498 693 656 778 impedire
678 714 741 777 quo
764 694 837 778 quis
859 693 964 759 minus
987 692 1049 759 diis
1071 693 1240 760 donarium
1263 693 1327 760 (let

303 812 393 878 Unus
404 819 512 878 exstat
518 813 630 879 titulus
637 813 795 898 Mylasius
810 814 875 898 qui,
891 835 963 880 cum
971 816 1245 882 consecrationem
1260 816 1434 899 contineat,

217 915 332 980 tutoris
354 935 471 981 nomen
493 916 639 982 exhibet:

254 1013 430 1105 Ἀρτεμισία
461 1018 628 1105 Παμφίλου
662 1019 752 1105 ίὲρηοι
784 1019 950 1106 Νεμέσεως
989 1019 1067 1104 μετὰ
1099 1022 1208 1106 κυρίου
1240 1022 1295 1087 τοῦ
1324 1019 1435 1106 ἀνδρὸς

259 1120 421 1187 Μενίππου
443 1129 498 1187 τοῦ
519 1122 662 1200 Μέλανος
684 1122 790 1208 ἱερέως
811 1122 948 1201 Πειθοῦς
969 1122 1129 1209 ἀνέθηκεν
1150 1123 1185 1190 τό
1207 1147 1242 1190 τε
1265 1126 1352 1212 βῆμα
1379 1127 1434 1190 καί

259 1225 294 1289 τὸ
318 1224 446 1312 ἄγαλμα
472 1229 528 1291 καί
557 1227 597 1291 τὰ
625 1227 679 1292 σὺν
706 1223 791 1312 αὐτῷ
818 1226 1032 1313 Νεμέσειποιί
1063 1228 1107 1314 τῷ
1140 1227 1240 1313 δήμῳ.
1284 1229 1370 1308 (Bull
1392 1227 1435 1294 de

260 1348 331 1394 corr
353 1329 461 1395 hellen
484 1331 576 1415 1881,
598 1352 620 1415 p
644 1329 707 1409 39.)
943 1355 946 1363 ·

217 1430 331 1513 Neque
359 1452 435 1500 vero
468 1432 679 1499 omittendum
708 1431 836 1498 videtur
863 1433 898 1498 in
934 1435 1040 1499 mariti
1077 1435 1181 1501 tutela
1216 1433 1299 1500 hanc
1324 1435 1435 1500 mulie-

218 1554 286 1599 rem
315 1554 402 1602 esse:
438 1555 554 1621 nempe
582 1536 737 1602 bonorum
767 1538 989 1603 communione
1025 1538 1079 1604 isti
1116 1537 1268 1621 coniuges
1303 1543 1435 1603 utuntur

218 1645 275 1705 aut
297 1640 407 1706 uxoris
437 1642 522 1706 bona
549 1640 684 1707 maritus
712 1640 918 1706 administrat
929 1641 967 1723 3);
1001 1640 1116 1724 quodsi
1143 1641 1216 1727 ipsa
1245 1660 1434 1706 consecrare

218 1743 338 1810 femina
361 1744 488 1830 dicitur,
511 1747 641 1813 Nemesi
664 1751 833 1811 consecrat
855 1746 945 1810 cuius
967 1744 1149 1811 sacerdotio
1171 1751 1311 1829 praeest.

547 1982 581 2054 2.
635 1980 701 2054 De
726 1979 1105 2054 manumittendo.

304 2151 439 2218 Servum
460 2172 558 2217 manu
586 2152 714 2219 mittere
746 2152 808 2217 hoc
841 2157 890 2217 est
923 2150 1081 2216 decedere
1114 2150 1155 2216 de
1189 2150 1330 2217 dominic
1358 2171 1432 2216 suo:

217 2275 259 2320 ne
280 2254 315 2319 id
338 2255 466 2340 quidem
489 2254 640 2319 mulieres
663 2254 771 2320 faeere
793 2254 862 2319 sine
884 2255 1078 2320 auctoritate
1099 2254 1215 2319 tutoris
1242 2274 1339 2339 posse
1361 2274 1434 2320 eon-

218 2363 408 2423 sentaneum
419 2365 498 2424 erat.
532 2358 575 2422 At
586 2358 733 2441 quamvis
745 2356 946 2424 abundemus
957 2357 1058 2423 titulis
1069 2357 1211 2441 undiquc
1224 2356 1432 2443 depromptis,

216 2480 381 2545 nunquam
402 2468 511 2528 tamen
534 2461 653 2527 mentio
675 2461 791 2527 tutoris
812 2460 857 2527 fit.
900 2460 951 2526 Dc
971 2460 1215 2527 Atheniensium
1243 2460 1373 2544 quidem
1402 2465 1434 2524 et

217 2565 400 2631 Ionicarum
428 2565 594 2632 civitatum
620 2565 717 2630 rebus
750 2583 881 2650 prorsus
914 2563 994 2629 nihil
1028 2570 1163 2631 constat.
1206 2565 1245 2629 In
1266 2563 1433 2649 Delphinis

219 2675 327 2734 autem
360 2657 644 2734 manumissionum
676 2667 795 2752 titulis,
832 2687 967 2750 quornm
999 2668 1159 2733 maximus
1191 2686 1341 2732 numerus
1374 2672 1434 2750 est,

218 2772 360 2836 omnium
370 2772 492 2856 primus
506 2771 670 2854 Augustus
685 2771 819 2837 Boeckh
835 2772 949 2836 tutoris
963 2791 1080 2836 nomen
1095 2770 1281 2836 desiderare
1295 2770 1433 2854 videtur,

218 2895 290 2940 cum
312 2874 346 2939 in
369 2875 448 2941 011
471 2875 555 2939 1710
575 2881 649 2959 post
674 2874 773 2941 verba

260 2995 407 3061 Nemorosi
428 2994 578 3061 Σωσύλου
601 2993 652 3059 διὰ
673 2997 727 3059 τοῦ
749 2996 952 3080 προνοοῦντος
980 2993 1076 3081 αὐτῆς
1097 2994 1202 3059 Λαίδα
1223 3002 1277 3061 τοῦ
1301 3045 1431 3066 ......

218 3117 369 3182 lacunam
390 3117 438 3183 ita
460 3117 605 3202 expleat:
629 3112 749 3200 ἀνδρός.
794 3116 913 3181 Verum
936 3122 968 3200 et
989 3117 1065 3181 novi
1086 3116 1210 3199 aliquid
1232 3116 1432 3198 inauditique

219 3226 361 3285 statuere
382 3240 440 3305 per
456 3220 672 3285 coniecturam
687 3219 837 3284 dubitare
853 3218 996 3284 debebat
1011 3239 1071 3284 neo
1086 3215 1127 3284 de
1143 3220 1245 3284 tutela
1262 3219 1431 3283 mulierum

217 3322 366 3407 usurpari
388 3328 495 3406 potest
516 3328 666 3407 προνοεῖν,
700 3321 787 3404 quod
819 3322 983 3404 glossema
1009 3322 1190 3407 Hesychius
1217 3342 1296 3388 voce
1330 3321 1432 3407 ἐπιμε-

216 3425 342 3490 λεῖσθαι
373 3426 528 3511 explicat:
563 3423 752 3511 ἐπιμελητής
784 3431 894 3490 autem
927 3431 1054 3491 curator
1086 3426 1243 3491 minorum
1265 3432 1324 3494 est.
1367 3424 1433 3491 Sed

217 3530 298 3595 haec
320 3529 486 3614 inscriptio
508 3530 605 3611 longe
625 3529 710 3593 inter
731 3528 908 3613 Delphicas
930 3529 1153 3595 recentissima
1180 3529 1297 3595 aetatis
1326 3528 1434 3594 existi-

217 3638 323 3698 matur
336 3632 573 3718 Vespasianae,
588 3652 660 3697 cum
676 3637 856 3697 ceterarum
871 3633 1048 3717 pleraeque
1062 3632 1194 3698 saeculo
1216 3631 1268 3698 πί)
1290 3633 1394 3697 altero
1409 3633 1432 3709 ⁴)

218 3743 372 3804 exaratae
394 3738 472 3802 sint:
496 3741 592 3818 atque
614 3736 685 3821 ipse
706 3736 762 3800 ille
784 3736 1006 3820 Vespasianus
1034 3736 1098 3802 fine
1120 3736 1317 3802 Graecorum
1338 3737 1434 3801 liber-

215 3931 418 3941 .-.-—---—a-

304 4051 328 4119 ¹)
364 4048 408 4104 cfr
425 4062 444 4118 p
463 4047 578 4114 3.—²)
615 4043 658 4102 cfr
675 4045 750 4104 infra
766 4064 786 4118 p
805 4049 846 4104 69.

305 4139 329 4205 ⁸)
365 4135 445 4191 velut
462 4137 491 4191 in
508 4136 598 4191 titulis
616 4136 865 4191 manumissionum
882 4135 1041 4191 Boeoticis:
1060 4132 1127 4189 vide
1145 4131 1220 4189 infra
1236 4150 1256 4204 p
1274 4135 1316 4188 44.

302 4225 328 4291 ⁴)
364 4224 438 4279 duae
457 4223 541 4279 etiam
564 4223 651 4278 tertio
674 4227 809 4278 exeunte:
837 4223 975 4280 Wescher
993 4226 1023 4276 et
1039 4222 1164 4277 Foueart
1180 4223 1206 4279 N
1224 4222 1283 4277 407.
1302 4222 1367 4292 3873
1387 4218 1433 4276 cfr

214 4313 280 4384 Aug
297 4314 460 4382 Mommsen,
478 4312 644 4382 Philologus
663 4310 731 4366 1866
748 4311 843 4367 XXIV
861 4327 880 4379 p
901 4312 913 4365 l
934 4325 997 4380 sqq.
