3142 4950
818 321 861 386 20

159 517 164 527 ⁴
273 526 427 594 ἐδάνεισεν
460 528 619 614 Νικαρέτα
648 526 771 605 Θέωνος
793 525 938 613 Θεσπική
966 527 1119 613 παρόντος
1146 527 1225 616 αὐτῇ
1253 530 1362 615 κυρίου
1389 536 1444 594 τοῦ

270 628 380 716 ἀνδρὸς
397 632 549 711 Δεξίππου
565 630 739 717 Εὕνομίδου
753 629 972 717 Καρισοδιόρῳ
995 632 1152 698 Διονυσίου
1174 632 1233 697 κτλ
1254 635 1310 698 καί
1324 631 1445 718 ἐγγείοις

271 735 313 812 είς
340 736 469 801 ἔκτεισιν
501 742 555 800 τοῦ
588 734 709 800 δανείου
738 735 927 818 (sequuntur
954 735 1096 815 nomina)
1125 733 1272 822 ἀργυρίου
1301 735 1445 824 δραχμὰς

272 838 376 904 18833
409 838 524 904 ἄτοκον
553 838 592 923 ἐχ
614 836 758 904 Θεσπιῶν
786 838 817 914 ἐς
843 835 883 902 τοὶ
908 837 1110 926 Παμβοιιότια
1137 838 1177 904 τὰ
1205 837 1252 905 ἐπ’
1272 837 1443 925 Ὀνασίμου

272 940 423 1026 ἄρχοντος
443 941 600 1018 Βοιωτοῖς.
636 937 840 1006 ἀποδότωσαν
868 941 903 1005 δέ
928 939 964 1005 τό
993 939 1112 1008 δάνειον
1137 942 1167 1007 οί
1188 939 1400 1029 δανεισάμενοι
1421 941 1444 1027 ἠ

271 1044 301 1108 οί
332 1046 438 1130 ἐγγυοι
470 1044 630 1131 Νικαρέτρ
663 1045 695 1110 ἐν
725 1053 788 1121 τοῖς
819 1042 1045 1130 Παμβοιωτίοις
1082 1041 1143 1131 πρό
1175 1045 1230 1129 τῆς
1264 1044 1377 1123 θυσίας
1412 1045 1444 1110 ἐν

271 1145 401 1233 ἡμέραις
428 1145 466 1232 γ’.
497 1145 551 1212 ἐοὶν
579 1147 614 1212 δέ
642 1146 686 1232 μὴ
715 1145 855 1211 ἀποδῶσι
882 1145 1124 1233 πραχθήσονται
1151 1146 1236 1213 κατὰ
1262 1148 1315 1214 τόν
1340 1146 1442 1235 νόμον.

270 1247 291 1335 r]
318 1251 354 1315 δέ
380 1250 489 1335 πρᾶξις
517 1252 596 1315 ἔστω
631 1252 669 1315 ἐκ
695 1271 729 1314 τε
763 1247 864 1315 αὐτῶν
892 1256 951 1315 τῶν
979 1250 1205 1336 δανεισαμένων
1232 1253 1287 1315 καί
1318 1252 1356 1316 ἐκ
1384 1252 1445 1316 τῶν

272 1351 392 1438 ἐγγόων
413 1355 469 1417 καί
491 1352 523 1432 ἐξ
545 1352 611 1431 ἑνὸς
637 1355 693 1417 καί
720 1353 758 1417 ἐκ
779 1350 928 1419 πλειόνων
955 1355 1012 1417 καί
1039 1353 1077 1417 ἐκ
1098 1351 1220 1420 πάντων
1246 1356 1303 1418 καί
1325 1355 1363 1419 ἐκ
1383 1360 1444 1419 τῶν

270 1453 474 1541 ὑπαρχόντων
506 1454 609 1534 αὐτοῖς
641 1454 821 1542 πρεπούσῃ
855 1454 889 1522 ὃν
922 1455 960 1521 ἂν
991 1454 1105 1542 τρόπον
1139 1455 1297 1543 βούληται,
1353 1455 1374 1542 ἡ
1408 1457 1444 1522 δέ

270 1558 438 1645 συγγραφά
459 1560 551 1645 κυρία
574 1561 654 1625 ἔστω
676 1558 735 1625 κᾶν
758 1558 853 1637 ἄλλος
876 1559 1008 1646 ἐπιφέρῃ
1031 1554 1109 1647 ὑπὲρ
1131 1558 1315 1645 Νικαρέτας.

226 1663 402 1729 Plebisoito
438 1663 570 1730 tandem
606 1663 804 1746 decernitur,
846 1669 882 1727 ut
923 1671 1092 1746 argentum
1129 1662 1255 1728 mulieri
1290 1662 1446 1729 reddatur

228 1766 299 1852 (O):
322 1786 385 1849 quo
408 1765 495 1832 facto
517 1766 651 1832 Pistocli
673 1766 858 1850 argentario
869 1766 1011 1851 Thespio
1039 1765 1082 1832 ad
1104 1766 1263 1832 rationem
1284 1766 1371 1832 illius
1393 1765 1448 1830 de·
1565 1810 1566 1819 ι

230 1869 358 1952 legatur
379 1870 422 1947 (H
445 1875 477 1934 et
498 1870 552 1953 Α).
595 1870 737 1954 Duplum
760 1868 909 1954 accipere
930 1868 1085 1937 Nioareta
1108 1868 1218 1935 dehet:
1241 1870 1445 1952 nequeenim
1565 1858 1566 1879 ¹

229 1972 332 2038 solam
360 1972 485 2038 solvere
513 1972 687 2057 civitatem,
722 1992 833 2038 verum
864 1972 961 2038 etiam
989 1971 1055 2037 lide
1082 1972 1222 2037 iussores
1251 1970 1444 2037 credendum
1565 2020 1566 2055 ρ

229 2080 288 2158 est,
309 2076 390 2156 lcum
418 2081 451 2141 et
472 2072 675 2161 ἀναγκασθεν
703 2073 797 2162 δόμεν
828 2075 975 2158 legamus
1007 2075 1041 2140 in
1062 2096 1083 2139 τ
1104 2073 1146 2138 46
1169 2082 1201 2139 et
1223 2073 1264 2139 de
1286 2074 1446 2140 solutione
1565 2058 1566 2087 ¹

229 2178 434 2263 plebiscitum
467 2179 649 2263 Polycratis
687 2199 772 2244 anno
811 2178 884 2263 fiat,
924 2198 1027 2244 annus
1063 2178 1162 2261 igitur
1197 2176 1344 2243 Onasimi
1379 2177 1445 2243 iam

229 2281 441 2367 praeterierit.
464 2279 668 2368 ὑπεραμερίαι
688 2288 860 2368 postquam
882 2303 903 2348 a
924 2280 1140 2367 polemarchis
1168 2287 1242 2346 sunt
1263 2285 1445 2365 reportatae
1565 2285 1566 2292 ’

231 2383 275 2464 (D
299 2389 332 2448 et
352 2383 403 2467 E),
427 2402 445 2448 e
466 2384 636 2471 plebiscito
659 2391 728 2451 tota
749 2403 802 2450 res
824 2385 858 2450 in
879 2384 990 2471 lapide
1011 2384 1164 2451 inciditur
1185 2383 1250 2469 (B).

316 2505 436 2571 Contra
450 2506 551 2572 mutui
565 2506 706 2573 feminac
721 2505 791 2572 dati
805 2506 987 2591 exemplum
999 2511 1049 2571 est
1062 2505 1096 2571 in
1107 2525 1232 2591 papyro
1239 2503 1401 2589 Aegyptio
1414 2502 1445 2582 ¹).
1564 2545 1565 2568 ι

229 2605 280 2671 De
302 2606 460 2673 frumento
494 2608 610 2692 agitur.
653 2609 754 2675 Tutor
787 2608 848 2674 etsi
880 2614 992 2675 auctor
1022 2607 1068 2693 fit,
1101 2606 1301 2673 reddendum
1337 2614 1446 2673 tamen

232 2708 426 2775 frumentum
447 2711 608 2777 neminem
631 2716 800 2796 praestare
823 2711 886 2776 nrsi
908 2711 1075 2778 mulierem
1094 2710 1201 2794 ipsam
1228 2709 1336 2777 verbis
1364 2730 1446 2776 com-

229 2813 395 2898 probatur.

588 3007 622 3077 3.
678 3002 743 3077 De
769 2999 1089 3076 fideiubendo.

315 3174 404 3239 Inter
419 3180 584 3241 sescentos
598 3175 666 3241 fere
680 3173 966 3240 manumissionum
981 3172 1092 3239 titulos
1107 3173 1295 3259 Delphines,
1311 3195 1444 3258 quorum

98 3346 103 3355 ,
229 3277 366 3362 quisquc
388 3276 602 3365 βεβαιωτῆρας
621 3275 656 3342 id
679 3283 728 3343 est
750 3283 900 3344 auctores
922 3274 1082 3343 secundos
1104 3276 1235 3343 exhibet
1263 3278 1445 3363 complures

230 3387 287 3446 aut
308 3400 421 3446 unum:
444 3400 601 3464 nusquam
616 3380 732 3447 mulier
753 3380 815 3447 hoc
829 3398 944 3445 munus
959 3378 1103 3465 suscipit,
1126 3400 1319 3463 quamquam
1335 3399 1445 3447 servos

229 3482 419 3568 saepissime
451 3483 543 3570 ipsae
571 3483 710 3550 feminae
741 3484 775 3548 in
807 3483 990 3549 libertatem
1012 3481 1187 3549 vindicant.
1230 3485 1316 3550 Raro
1337 3489 1446 3550 tamen
1562 3485 1563 3516 ί

230 3586 352 3653 femina
373 3587 586 3653 manumissor
607 3592 737 3672 praeter
759 3592 925 3654 auctorem
953 3586 1129 3653 secundnm
1157 3586 1219 3653 deo
1247 3587 1411 3670 negotium
1422 3587 1444 3663 ²)

229 3694 399 3775 praestare
421 3687 547 3755 dicitur.
592 3690 639 3757 Ac
661 3708 702 3755 ne
723 3689 758 3754 in
772 3688 884 3755 Teniis
905 3688 1035 3773 quidem
1058 3688 1177 3755 tabulis
1197 3688 1282 3755 inter
1296 3696 1445 3756 auctores
1561 3751 1562 3756 ,

229 3791 389 3858 secundos
411 3829 453 3840 -
475 3791 590 3875 quihus
611 3792 658 3858 ihi
679 3811 796 3858 nomen
818 3811 890 3858 esse
911 3792 995 3858 solet
1014 3797 1172 3879 πρατῆρες
1187 3828 1226 3839 -
1243 3792 1311 3858 ulla
1325 3792 1445 3858 femina

229 3895 397 3982 reperitur.
442 3893 534 3971 Quae
555 3895 584 3960 si
606 3895 657 3961 cui
679 3895 807 3961 omnino
823 3914 934 3962 carere
948 3893 1146 3960 fideiuhendi
1159 3900 1322 3980 potestate
1335 3894 1444 3960 riden-

230 4004 297 4065 tur:
318 3997 470 4064 Thanuhi
498 3997 658 4081 quaedam
679 3998 713 4064 in
736 3999 885 4085 Aegypto
908 4004 984 4066 ante
1006 3997 1167 4064 Christum
1187 4005 1300 4066 natum
1319 4036 1364 4047 —
1384 4017 1444 4064 nec

230 4174 433 4185 ...-————-

320 4272 343 4340 ¹)
378 4272 496 4327 Notices
515 4276 544 4326 et
561 4273 680 4328 extruite
698 4274 724 4329 N
741 4274 770 4327 7:
790 4272 834 4328 cfr
853 4289 940 4342 supra
957 4289 976 4342 p
997 4273 1036 4327 13.

315 4359 342 4429 ')
378 4358 422 4414 cfr
441 4358 515 4415 infra
533 4376 552 4430 p
570 4359 604 4414 22
622 4375 684 4430 sqq.
