3142 4950
704 326 744 390 31

158 533 341 602 ὂπυίεσθαι.
371 534 415 622 μή
437 541 513 599 πᾶσι
536 534 582 618 δέ,
604 533 687 600 ἀλλὰ
708 536 768 602 τῶν
791 536 946 621 συγγενῶν
967 540 1020 599 τοῦ
1043 530 1153 618 ἀνδρὸς
1175 531 1200 618 ᾧ
1223 531 1330 619 βουλε-

158 661 209 704 ται
236 638 441 725 διαλέγεσθαι
466 636 524 725 τήν
551 638 719 726 ἐπίκληρον
747 637 831 718 ὅπως
858 639 970 705 οἰκεῖον
996 635 1018 725 ᾖ
1047 639 1102 702 καὶ
1124 636 1255 723 μετέχον
1276 636 1331 702 τοῦ

156 742 265 830 γένους
286 740 321 808 τὸ
342 741 534 829 τικτόμενον;

113 845 325 912 Atheniensis
367 846 515 911 instituta
548 843 817 913 Lacedaemoniis
846 844 999 912 contundi
1034 843 1184 910 videntur
1196 843 1229 930 ¹).
1266 843 1329 925 Ly-

115 969 234 1033 curgus
274 949 360 1015 enim
398 949 491 1031 quasi
530 951 759 1034 comprobasse
786 950 889 1015 fertum
919 947 1124 1031 adulterium,
1157 945 1330 1013 dummodo

115 1052 194 1120 boni
221 1056 431 1118 nascerentur
457 1051 545 1118 cives
567 1052 615 1119 rei
635 1052 786 1138 publicae
799 1052 832 1136 ²).
854 1088 897 1100 -
919 1052 1054 1119 Athenis
1076 1072 1141 1117 non
1162 1050 1266 1116 solum
1288 1047 1331 1114 ad

117 1156 224 1242 ipsam
265 1175 416 1241 uxorem,
459 1155 518 1221 sed
554 1155 653 1222 etiam
688 1155 732 1222 ad
769 1156 981 1222 concubinam
1017 1155 1179 1241 pertinere
1215 1172 1331 1219 nomen

116 1260 269 1327 adulterii
297 1279 338 1325 ex
365 1259 512 1326 oratione
532 1259 759 1327 Demosthenis
780 1261 1002 1326 Aristocratea
1023 1279 1044 1344 p
1067 1259 1129 1323 631
1152 1255 1305 1322 efficitur:

158 1362 214 1429 έοίν
234 1384 278 1440 τις
300 1361 468 1450 ἀποκτείνγγ
490 1363 550 1428 κτλ
581 1356 604 1449 ἢ
633 1363 683 1428 ἐπὶ
705 1361 838 1449 δάμαρτι
859 1361 881 1448 ἦ
905 1363 955 1427 ἐπὶ
976 1362 1069 1448 μητρὶ
1090 1359 1113 1445 ἢ
1136 1353 1183 1424 ἐπ’
1209 1356 1331 1442 ἀδελφῇ

157 1465 180 1552 ἢ
204 1467 254 1532 ἐπὶ
275 1465 453 1553 θυγατρίή
481 1466 531 1535 ἐπί
558 1466 709 1552 παλλακῇ
732 1464 771 1552 ἥν
793 1465 832 1532 ἄν
854 1463 907 1534 ἐπ’
931 1463 1110 1552 ἐλευθέροις
1131 1464 1235 1530 παισίν
1256 1463 1330 1550 ἔχῃ,

158 1567 275 1636 τούτων
297 1571 391 1636 ένεκα
414 1569 457 1656 μὴ
480 1568 606 1655 φεύγειν
627 1569 798 1636 κτείναντα.

114 1674 275 1740 Zaleucus
316 1673 345 1739 is
392 1673 448 1757 qni
495 1672 607 1739 Locris
650 1673 740 1757 leges
777 1672 897 1757 dabat,
939 1673 1050 1740 oculos
1087 1671 1156 1736 erui
1190 1670 1333 1738 moechis

2 1792 3 1795 ’
114 1777 209 1843 iussit
219 1777 254 1862 ³).
299 1776 488 1844 Charondas
509 1781 642 1844 auctore
662 1775 807 1843 Diodoro
830 1774 918 1861 (XII,
936 1775 988 1859 12)
1002 1782 1173 1858 utrumque
1194 1775 1333 1842 sontium

116 1880 243 1946 iniuriis
270 1881 359 1964 vulgi
387 1887 419 1946 et
447 1880 587 1947 ludibrio
616 1879 784 1946 concessit.
834 1880 877 1944 Et
899 1879 1023 1945 Cumae
1044 1885 1077 1945 et
1098 1878 1132 1943 in
1154 1876 1278 1944 Pisidia
1299 1878 1334 1942 in

117 1984 217 2051 asinis
246 1983 385 2049 adulteri
411 2003 471 2069 per
497 1985 611 2050 urbem
637 1982 838 2048 vehebantur
847 1983 882 2066 ⁴).
926 1982 1043 2069 Leprei
1065 1980 1169 2048 virum
1190 1980 1333 2046 vinetum

2 2132 6 2139 -
115 2094 182 2153 tres
204 2087 274 2153 dies
296 2106 355 2172 per
375 2087 488 2153 urbem
516 2085 697 2172 rapiebant,
725 2106 798 2151 cum
819 2085 935 2151 mulier
956 2105 1015 2169 per
1035 2084 1186 2151 undecim
1207 2085 1241 2149 in
1263 2084 1332 2149 foro

2 2256 3 2277 γ
55 2199 58 2206 ’
115 2191 204 2257 nuda
226 2191 354 2258 sederet
364 2190 403 2274 ⁶):
426 2190 561 2258 infamia
583 2189 710 2272 utrique
732 2189 946 2272 irrogabatur.
991 2188 1136 2273 Gortyna
1157 2188 1190 2253 in
1212 2187 1332 2273 oppido

115 2295 242 2363 Cretico
264 2295 325 2359 viri
347 2296 451 2361 solum
472 2314 556 2377 quae
578 2293 674 2359 fuerit
695 2313 802 2378 poena
823 2291 1002 2376 traditum).
1046 2291 1172 2357 Tenedi
1194 2297 1227 2356 et
1254 2311 1330 2357 uxo-

2 2444 3 2482 ,
116 2419 184 2464 rem
217 2404 250 2463 et
282 2397 450 2463 moechum
482 2396 588 2463 securi
620 2396 845 2483 percutiebant
856 2395 890 2483 7).
912 2433 956 2445 -
976 2396 1113 2462 Maritus
1134 2395 1169 2460 in
1197 2414 1331 2462 uxorem

2 2487 3 2516 ¹
115 2501 269 2588 perfidus,
290 2508 326 2566 ut
348 2521 447 2587 supra
471 2500 621 2586 diximus,
643 2499 732 2586 apud
754 2499 898 2568 Graecos
919 2500 1000 2569 nihil
1022 2500 1125 2566 dabat
1145 2518 1333 2585 poenarum.

2 2637 3 2650 τ
115 2608 164 2672 Αο
197 2624 238 2671 ne
265 2604 328 2670 boc
356 2604 486 2688 quidem
514 2609 652 2689 constat,
685 2623 761 2668 num
790 2623 829 2669 ex
859 2623 898 2669 eo
925 2603 1069 2669 facinore
1091 2603 1219 2668 licuerit
1240 2602 1333 2667 uxori

2 2701 3 2792 ζ
116 2707 287 2774 divortium
320 2706 438 2792 facere,
478 2727 673 2791 quamquam
705 2706 792 2772 iusta
824 2727 924 2773 causa
950 2706 1132 2791 videbatur,
1165 2705 1193 2771 si
1221 2710 1334 2772 contra

2 2797 3 2822 ¹
116 2816 264 2876 naturam
286 2809 343 2876 ille
364 2808 553 2877 libidinibus
574 2809 766 2894 indulgebat
778 2810 812 2895 ⁸).

212 3038 246 3110 2.
283 3034 349 3107 De
376 3032 482 3107 dote
510 3044 553 3108 et
580 3034 798 3109 debonis
825 3035 988 3108 uxoris
1015 3033 1233 3134 propriis.

200 3188 353 3255 Primitus
375 3209 447 3253 cum
469 3194 563 3273 pater
583 3188 722 3273 pretium
744 3208 804 3274 pro
824 3188 893 3253 filia
908 3209 928 3254 a
943 3208 1061 3272 genero
1077 3194 1246 3272 acceptum
1260 3188 1331 3272 ipse

118 3293 283 3377 retineret,
305 3292 477 3377 paullatim
497 3292 580 3360 haee
601 3293 740 3379 pecunia
761 3312 866 3359 novae
887 3298 1008 3379 nuptae
1030 3291 1123 3358 reddi
1145 3297 1262 3377 coepta
1284 3299 1333 3357 est

204 3569 225 3638 ¹)
260 3567 458 3639 Waehsmuth,
492 3569 592 3625 Hellen
621 3570 716 3626 Altert
745 3576 760 3635 ξ
792 3569 856 3640 103,
886 3570 927 3623 20.
963 3568 1141 3636 Daremberg
1170 3568 1194 3621 dr
1223 3566 1333 3636 Saglio,

114 3658 182 3712 Μ
199 3673 225 3814 1¹))
237 3656 334 3813 8⁴ddut,
351 3744 412 3815 Lyc
432 3745 472 3799 15.
490 3746 564 3814 Xen,
582 3745 660 3814 Rcsp
678 3746 737 3800 Lac
757 3749 780 3799 1.

206 3830 227 3901 ³)
261 3831 314 3885 Val
330 3831 396 3886 Max
414 3831 463 3901 VI,
481 3832 506 3885 5.
540 3829 595 3885 Ael
613 3831 666 3888 VH
683 3832 760 3900 XIII,
779 3832 822 3887 24.
857 3831 992 3903 Lycophr
1009 3830 1082 3886 Cass
1100 3829 1160 3882 421.

202 3918 225 3986 ⁴)
260 3916 332 3973 Stob
350 3917 418 3973 Flor
435 3918 535 3987 XLIV,
554 3919 596 3972 41.
631 3918 697 3972 Plut
715 3918 757 3983 Qu
776 3918 817 3974 Gr
834 3919 860 3973 2.
895 3918 1010 3990 Hesycb
1025 3913 1221 3983 Ὀνοβόστυοες.

203 4006 224 4073 ⁵)
258 4004 367 4060 Heracl-
380 4005 456 4059 Pont
471 4005 548 4062 XIV·
784 4009 789 4012 “
1307 4073 1311 4081 ν

205 4092 226 4160 ⁶)
261 4091 317 4147 Ael
333 4092 387 4147 VH
404 4091 468 4162 XII,
488 4091 535 4163 123
562 4092 640 4160 XIII,
658 4092 700 4147 24.
737 4090 825 4162 Stcpb
843 4094 905 4164 Byz
924 4097 1044 4157 Τένεδος.
1076 4090 1236 4160 Diogenian
1253 4090 1333 4144 Prov

115 4178 318 4336 VIII’⁷38⁸Lys
335 4264 472 4320 Eratosth
490 4265 524 4320 34
542 4267 567 4320 a
584 4265 626 4320 50.
660 4266 725 4321 Xen
742 4266 811 4322 Hier
828 4268 878 4337 HI,
897 4268 922 4322 3.
959 4265 1030 4323 Stob
1050 4265 1129 4322 Serm
1147 4265 1195 4334 VI,
1213 4264 1255 4318 25.

204 4352 225 4420 8)
259 4352 335 4422 Diog
351 4352 439 4406 Laert
456 4352 505 4421 IV,
525 4353 565 4406 17.
