3142 4950
817 314 860 378 to

228 520 389 606 mancipio
411 519 506 587 homo
529 520 793 587 consuetudinem
815 519 975 602 hahuerit,
1003 524 1038 583 ut
1066 518 1100 584 in
1129 518 1276 585 exsilium
1300 525 1332 584 et
1353 524 1450 603 pater

228 630 260 689 et
282 628 386 690 mater
407 631 440 690 et
461 625 555 691 liberi
577 625 753 690 mittantur.

574 868 608 946 3,
653 863 719 938 De
747 863 1100 964 adoptionibus.

313 1021 441 1087 Mulieri
454 1041 520 1087 non
534 1021 611 1087 lieet
624 1020 815 1086 Atheniensi
828 1019 930 1085 tilium
945 1021 1014 1086 sive
1035 1020 1135 1085 filiam
1158 1019 1260 1086 sterili
1271 1018 1448 1104 adoptare:

220 1125 261 1190 id
295 1123 382 1207 quod
409 1143 449 1189 ex
471 1124 557 1190 Isaei
585 1124 730 1191 oratione
763 1124 902 1208 septima
935 1127 967 1204 (ξ
989 1123 1044 1206 25)
1078 1122 1296 1205 oonsequitur:
1332 1119 1450 1208 μητρὸς

228 1224 328 1306 οὐδείς
350 1228 430 1294 ἐστιν
453 1227 628 1314 ἐκποίητος,
651 1225 724 1292 ἀλλ’
748 1221 862 1313 ὁμοίως
876 1224 1011 1312 ὑπάρχει
1032 1225 1089 1312 τὴν
1104 1224 1201 1312 αὐτὴν
1216 1227 1292 1291 εἶναι
1310 1224 1444 1312 μητέρα,

227 1330 288 1398 κᾶν
310 1331 342 1397 ἐν
363 1337 407 1416 τῷ
421 1330 557 1417 πατρῴῳ
580 1330 657 1418 μένῃ
679 1353 722 1408 τις
738 1332 814 1416 οἴκῳ
830 1329 890 1397 κᾶν
906 1331 1076 1417 hastati.
1117 1329 1264 1396 Eandem
1279 1329 1312 1394 in
1329 1327 1448 1394 ceteris
1513 1366 1520 1377 -

228 1434 413 1501 civitatibus
435 1434 540 1518 legem
562 1452 634 1499 esse
657 1438 918 1499 consentaneum.

314 1571 435 1638 Contra
456 1569 525 1636 viro
548 1569 659 1636 liberis
681 1570 804 1635 oarenti
825 1569 926 1635 tiliam
949 1589 1102 1653 arrogare
1130 1569 1215 1652 lieet,
1242 1589 1325 1651 quae
1357 1568 1450 1633 here-

229 1677 349 1743 ditaria
382 1676 533 1742 exsistat:
566 1660 795 1761 θυγατροποιία
829 1673 946 1739 dieitur
977 1674 1060 1741 sieut
1092 1667 1235 1738 ὑοθεσία.
1288 1672 1450 1751 Exempla

228 1781 310 1846 haee
332 1779 543 1845 Atheniensis
565 1785 654 1844 sunt:
676 1778 808 1864 τελευτᾷ
831 1770 898 1864 δ’ἠ
922 1776 1067 1863 θυγάτηρ
1089 1775 1128 1864 ἣν
1144 1774 1313 1862 ἐποιήσατο
1326 1772 1449 1860 Ἁγνίας

229 1884 315 1965 (Isse
329 1882 387 1965 XI,
409 1881 456 1966 9),
480 1889 526 1946 et:
550 1880 763 1967 ἀποθνήσκων
785 1879 955 1967 ἐποιήσατο
977 1887 1038 1947 τῶν
1053 1879 1236 1966 θυγατέρων
1258 1877 1352 1943 αὐτοῦ
1375 1879 1449 1964 μίαν

228 1986 274 2070 (ib
296 1985 362 2067 41).
405 1983 502 2049 Haud
524 1983 620 2050 ahter
640 1984 674 2049 in
696 1985 790 2049 titulo
812 1984 892 2049 Teio
914 1983 1051 2066 legimus
1064 1982 1102 2068 ¹):

272 2103 430 2181 ···απιὰς
451 2102 650 2188 Λεωφάντου,
673 2101 764 2190 φύσει
786 2104 822 2168 δὲ
839 2101 1064 2188 Ἥροστράτου,
1087 2103 1211 2189 χρηστὴ
1234 2110 1336 2188 χαῖρε.

228 2227 336 2292 Etiam
368 2226 402 2291 in
435 2225 562 2291 Derieis
595 2225 781 2292 civitatibus
820 2225 908 2291 velut
940 2224 1163 2291 Haliearnassi
1199 2224 1280 2289 haee
1313 2221 1451 2307 adoptio

228 2330 322 2396 nohis
345 2328 531 2405 oeourrit²):

274 2448 437 2536 Σαραπιὰς
466 2446 682 2533 Ἀπολλωνίου,
718 2446 802 2513 κατὰ
835 2449 1080 2535 superponant
1114 2449 1149 2513 δὲ
1170 2445 1362 2541 ,Μενάνδρου
1391 2447 1450 2511 τοῦ

273 2551 514 2639 Διονυσοδώρου,
537 2549 618 2617 καθ’
643 2548 793 2619 υἱοθεσίαν
815 2554 851 2617 δὲ
865 2550 1050 2638 Δράκοντος,
1074 2554 1129 2617 καὶ
1144 2552 1173 2616 ot
1194 2552 1253 2616 υἱοὶ
1268 2544 1364 2636 attur
1378 2550 1450 2616 κτλ.

229 2680 262 2739 et
284 2674 342 2740 Coi
369 2695 441 2740 oum
469 2672 512 2740 ad
540 2694 636 2740 saera
668 2673 830 2758 quaedam
861 2673 1028 2757 gentilicia
1054 2672 1198 2757 arrogati
1225 2671 1451 2755 admittantur,

228 2780 332 2844 verba
354 2784 549 2862 usurpantur
570 2777 654 2842 κατὰ
675 2776 918 2863 θυγατροποιίαν
931 2776 963 2854 ³).

547 3094 580 3163 e.
625 3093 668 3165 fle
691 3112 772 3165 eura
796 3097 954 3167 minorum
977 3097 1129 3182 uerenda.

314 3248 492 3333 Legitimus
514 3241 673 3334 impuberi
695 3255 780 3316 tutor
804 3257 862 3337 est,
884 3253 939 3335 qui
961 3272 1020 3337 pro
1034 3252 1091 3317 illo
1113 3251 1184 3336 ipse
1206 3255 1284 3333 agat
1299 3250 1452 3316 omnibns

228 3355 261 3416 in
284 3352 390 3417 rebus.
435 3348 543 3428 Quare
566 3352 701 3418 tutelam
723 3354 843 3419 nemini
860 3354 1087 3421 administrare
1108 3354 1194 3437 lieet,
1218 3353 1280 3418 nisi
1303 3353 1381 3418 civis
1398 3362 1452 3418 est

229 3461 265 3520 et·
283 3454 333 3520 sui
355 3454 443 3520 iuris.
487 3454 642 3521 Metoeois
674 3454 805 3538 quidem
827 3456 1071 3523 Atheniensium
1105 3455 1189 3521 hano
1221 3464 1320 3539 negat
1347 3455 1453 3520 fuisse

229 3562 425 3644 potestatem
446 3558 636 3642 Dareste⁴),
669 3559 790 3643 quippe
812 3560 927 3641 quibus
949 3560 1029 3644 ipsis
1052 3579 1133 3645 opus
1165 3565 1251 3625 esset
1272 3559 1305 3624 in
1327 3558 1452 3625 iudicio

229 3665 395 3744 patronus.
439 3660 607 3726 Mulierem
629 3680 705 3726 vero
733 3662 883 3728 tutelam·
895 3682 1008 3746 gerere
1030 3661 1165 3728 Athenis
1186 3662 1331 3747 potuisse
1352 3682 1452 3730 nemo

229 3761 335 3828 adhue
359 3763 532 3829 eontendit.
577 3762 779 3846 Quamquam
803 3765 890 3850 apud
920 3767 1002 3833 alios
1029 3767 1167 3853 populos
1195 3785 1267 3831 oum
1288 3764 1323 3829 in
1344 3765 1453 3833 tutela

319 4073 337 4138 ¹)
373 4073 411 4126 Le
429 4073 496 4141 Bas,
514 4071 584 4126 Asie
602 4071 658 4126 min
678 4073 734 4128 115.

315 4159 337 4228 2)
374 4158 403 4213 ih
422 4158 481 4211 507.

316 4246 337 4314 1)
374 4246 477 4316 Rayet‚
495 4243 640 4299 Annuaire
658 4261 731 4315 pour
749 4246 914 4319 l'eneourag
935 4248 1000 4302 1875
1019 4248 1068 4318 IX,
1087 4249 1112 4304 N
1134 4250 1172 4303 10.

313 4332 336 4401 ⁴)
372 4331 464 4389 deum
483 4331 533 4390 des
553 4347 606 4389 sav
627 4333 700 4403 1874,
718 4350 737 4406 p
756 4334 815 4390 620.
