3142 4950
625 298 826 395 „ETW

161 497 305 591 Αὐρηλία
338 506 417 592 μετὰ
454 512 641 583 συνεστῶτος
673 512 728 571 τοῦ
760 506 869 593 κυρίου
903 499 1000 592 αὖτῆς
1033 505 1142 592 ἀνδρὸς
1174 503 1334 593 Αὐρηλέου

159 605 329 692 Δωροθέου
351 608 500 695 Σερήνου.

116 728 295 793 Romanum
323 730 502 796 institutum
530 731 643 796 statuit
669 729 808 795 Adultus
836 728 982 796 Schmidt
995 730 1032 812 ‘tr
1066 750 1142 797 nam
1175 737 1249 816 post
1277 732 1334 796 im-

117 832 277 915 peratoris
310 832 502 899 caracallae
534 839 681 917 tempora
707 833 924 917 provinciales
951 832 1083 899 civitate
1116 832 1228 899 donati
1261 854 1333 899 cum

117 934 187 1000 iure
209 936 354 1002 Romano
387 955 498 1002 omnes
531 936 599 1001 fere
631 936 682 1002 usi
716 935 796 1020 sint,
829 937 995 1003 Aureliam
1030 942 1232 1021 tutoremque
1265 939 1334 1004 eius

118 1038 268 1104 maritum
290 1040 478 1125 peregrinos
499 1059 564 1105 non
578 1039 682 1104 videri
703 1059 764 1106 nec
784 1040 1022 1126 Aegyptiacam
1042 1041 1205 1124 quandam
1228 1042 1335 1107 mariti

118 1143 254 1209 tutelam
275 1142 525 1227 agnoscendam,
549 1143 655 1225 qualis
677 1141 765 1228 apud
780 1142 897 1208 Gaium
919 1143 1039 1210 mentio
1061 1143 1117 1210 fiat
1130 1143 1334 1227 Bithynicae.

117 1282 160 1292 —
182 1248 334 1312 Attamen
357 1247 390 1311 in
413 1247 486 1332 ipsa
507 1246 605 1312 Italia
626 1246 692 1312 iam
711 1245 923 1312 idolatrarum
940 1246 1115 1313 Caesarum
1136 1248 1335 1332 temporibus

117 1349 220 1414 tutela
247 1349 413 1416 muliebris
441 1349 543 1415 levior
570 1348 660 1415 facta
686 1355 760 1433 post
777 1370 897 1415 annum
920 1348 1173 1416 ducentesimum
1195 1371 1335 1434 nonage-

117 1452 233 1518 simum
256 1453 384 1518 tertium
407 1453 500 1519 nobis
515 1453 644 1519 omnino
666 1473 731 1518 non
746 1453 894 1519 occurrit.
937 1452 1053 1518 Mirum
1075 1453 1236 1520 mehercle
1251 1454 1334 1520 foret

118 1555 146 1622 si
168 1557 349 1622 institutum
371 1556 454 1622 illud
475 1576 551 1622 vere
567 1557 745 1622 Romanum
768 1556 857 1641 apud
872 1557 1051 1641 Aegyptios
1073 1557 1201 1623 Graeca
1223 1559 1334 1642 lingua

116 1679 193 1725 usos
214 1679 316 1742 usque
343 1659 388 1725 ad
416 1659 557 1725 medium
584 1660 750 1726 saeculnm
778 1665 927 1742 quartum
955 1666 1118 1725 servatum
1147 1667 1241 1726 esset.
1292 1662 1334 1725 Et

117 1783 189 1827 oum
211 1764 409 1850 temporibus
430 1764 496 1830 illis
517 1764 568 1829 ins
589 1764 768 1829 Romanum
800 1762 833 1827 in
866 1763 996 1828 remotis
1029 1763 1154 1848 imperii
1187 1764 1333 1849 partibus

116 1864 283 1930 confusum
307 1866 407 1931 fuisse
429 1887 502 1931 oum
521 1867 617 1932 rebus
637 1866 786 1932 barbaris
807 1885 909 1951 nuper
930 1866 1013 1932 libro
1035 1867 1093 1932 illo
1115 1866 1332 1952 Syroromano

117 1969 376 2052 cognoverimus:
415 1969 449 2033 in
488 1969 738 2036 manumissione
770 1969 975 2054 Aegyptiace
1006 1971 1141 2035 tutelam
1174 1969 1334 2037 Graecam

115 2072 212 2138 uideo
225 2071 259 2156 ²).
302 2073 375 2139 Non
397 2073 477 2140 satis
499 2079 608 2138 tamen
630 2074 833 2158 exploratum
849 2079 907 2156 est,
931 2092 987 2137 our
1008 2079 1095 2138 tutor
1109 2074 1334 2140 auctoritatem

114 2176 316 2261 interponat:
338 2176 454 2242 iterum
476 2177 646 2244 Boeotioos
668 2178 779 2243 titulos
801 2175 1001 2262 protulerim,
1030 2177 1086 2242 uhi
1115 2177 1249 2244 maritus
1270 2178 1332 2244 for-

117 2284 213 2345 tunas
235 2282 345 2346 uxoris
367 2280 593 2349 administrare
625 2280 767 2346 videtur:
800 2280 863 2346 nisi
895 2280 978 2345 forte
1005 2280 1038 2345 in
1065 2281 1215 2366 Aegypto
1243 2287 1333 2347 tanto

118 2382 286 2449 interiecto
308 2384 463 2469 temporis
485 2384 592 2469 spatio
615 2390 647 2449 et
668 2383 793 2467 origine
814 2383 1074 2449 manumissionis
1096 2384 1164 2450 eius
1180 2385 1333 2451 obliuioni

116 2485 195 2553 data
217 2487 345 2571 legibus
367 2494 443 2554 tuno
464 2489 686 2571 requirebatur
708 2488 894 2554 auctoritas.

403 2782 487 2865 III.
541 2783 606 2865 Ile
632 2781 733 2865 iure
759 2781 1055 2865 familiarum.

505 2938 541 3006 Α.
586 2937 629 3006 lle
652 2938 721 3006 iure
744 2938 948 3007 matrimonii.

373 3083 406 3151 1.
452 3078 518 3152 De
546 3079 767 3177 coniugio
796 3090 841 3151 et
866 3079 1084 3153 divortio.

201 3251 326 3317 Uxores
349 3250 495 3334 singulas
516 3251 657 3317 universi
673 3251 790 3317 Graeci
811 3250 946 3316 hahent:
969 3250 1127 3335 pelicibus
1142 3250 1189 3316 uti
1205 3251 1350 3334 legibus-

115 3353 214 3419 nullis
242 3359 379 3420 vetatur.
433 3356 503 3421 Iam
535 3355 567 3419 in
591 3355 770 3421 Homericis
803 3355 998 3421 carminibus
1026 3360 1059 3419 et
1087 3354 1333 3421 materfamilias

113 3457 208 3522 nohis
231 3457 369 3523 occurrit
391 3478 455 3523 nna
476 3460 565 3524 velut
587 3457 638 3523 Od
660 3459 718 3541 III,
740 3458 820 3521 451:

158 3576 331 3663 θυγατέρες
352 3600 385 3642 τε
408 3577 604 3643 matusael
626 3578 727 3664 αἰδοίη
750 3577 933 3664 παράκοιτις
976 3645 978 3648 .

156 3679 321 3766 Νέστορος.

117 3789 151 3848 et
172 3803 249 3849 usus
278 3783 527 3850 concubinarum
550 3785 659 3850 multis
681 3785 762 3852 locis
790 3785 986 3868 agnoscitur.
1029 3783 1203 3851 Bimaritos
1214 3792 1330 3871 postea

113 3886 215 3952 fuisse
254 3885 336 3952 duos
371 3887 518 3954 homines
558 3894 699 3956 constat:
741 3887 1009 3955 Anaxandridam
1037 3887 1330 3955 Lacedaemonium

115 3991 171 4072 qui
194 4010 266 4056 oum
282 3990 423 4056 sterilem
438 4011 571 4057 uxorem
587 3991 717 4075 exigere
732 3992 834 4058 nollet
849 3990 978 4076 ephoris
992 3991 1178 4057 auctoribus
1193 3993 1330 4059 alteram

114 4149 318 4166 ——q-—n———n

203 4233 224 4301 ¹)
259 4231 462 4303 Forschungen
479 4232 501 4303 I,
519 4233 571 4288 292
590 4250 651 4303 sqq.

201 4320 224 4391 ²)
259 4320 375 4374 Multum
392 4318 447 4374 hoc
465 4321 528 4374 loco
547 4320 727 4376 Fordiuando
745 4320 956 4391 Regelsberger
974 4318 1075 4375 debeo.
