3142 4950
728 788 962 886 Vita.

318 1140 468 1200 Henricus
495 1141 611 1216 Meyeri
637 1141 717 1202 filius
743 1142 838 1218 Lewy
866 1141 1066 1201 Vratislaviae
1088 1144 1177 1199 natus
1199 1158 1226 1201 a.
1251 1139 1280 1200 d.
1303 1140 1356 1197 lll.
1380 1140 1452 1199 Kal.

233 1243 298 1304 Oct.
333 1244 404 1302 anni
435 1242 684 1303 MDGGGLXIII.
714 1245 804 1304 fidem
835 1245 980 1321 profiteor
1012 1244 1173 1303 Iudaicam.
1224 1243 1337 1302 Bertha
1357 1247 1453 1301 mater

234 1346 358 1406 Henrici
389 1347 465 1405 Miro
498 1346 560 1406 filia
593 1351 649 1407 est.
700 1348 865 1424 Septimum
899 1349 1007 1408 aetatis
1040 1365 1150 1407 annum
1177 1364 1225 1406 me
1254 1350 1391 1422 agentem
1420 1346 1451 1404 in

235 1450 423 1526 gymnasium
444 1450 672 1510 Elisabetanum
693 1455 781 1527 pater
803 1451 938 1531 deduxit,
960 1452 1008 1511 cui
1023 1450 1149 1510 Carolus
1164 1449 1315 1509 liudolfus
1329 1448 1453 1508 Fickert
1561 1490 1563 1493 ψ

235 1552 423 1628 temporibus
462 1553 523 1613 illis
556 1557 697 1630 praeerat
728 1554 774 1612 vir
803 1556 952 1633 egregius,
981 1555 1064 1613 nulla
1089 1554 1199 1613 virtute
1227 1570 1288 1611 non
1317 1557 1450 1613 ornatus.

236 1657 267 1715 Is
296 1655 397 1715 dicere
426 1657 545 1715 solebat
572 1659 655 1717 velut
680 1663 825 1735 parentes
855 1659 1002 1718 carissimi
1023 1659 1161 1717 timorem
1194 1657 1252 1716 Dei
1281 1656 1451 1732 sapientiae

239 1776 320 1819 esse.
338 1758 434 1818 omnis
462 1759 588 1818 initium.
646 1761 752 1821 Paullo
781 1766 891 1839 postca
919 1780 1009 1837 quam
1043 1762 1110 1821 dira
1142 1764 1237 1820 morte
1277 1778 1372 1819 senex
1400 1759 1450 1818 ab·

233 1866 337 1937 reptus
371 1865 444 1939 erat,
478 1863 614 1923 examine
642 1882 703 1923 non
738 1864 804 1923 sine
832 1864 922 1923 laude
951 1869 1092 1940 superato
1121 1865 1264 1923 Ioannem
1290 1863 1392 1922 Paech
1420 1863 1451 1921 in

232 1965 338 2041 primis
361 1969 391 2025 et
411 1965 615 2026 Hermannum
638 1968 753 2044 Zimpel
774 1969 889 2045 pietate
910 1971 1091 2044 prosecutus
1114 1968 1145 2027 in
1174 1967 1358 2027 academiam
1380 1965 1448 2024 Via-

232 2068 347 2128 drinam
381 2088 459 2128 anno
492 2069 523 2131 h.
551 2088 576 2132 s.
604 2071 740 2132 LXXXI.
773 2072 872 2148 Aprili
903 2089 1008 2131 mense
1035 2071 1152 2149 transii,
1179 2074 1212 2129 ut
1240 2070 1451 2146 grammaticae

232 2171 393 2232 studerem.
437 2173 555 2232 Mature
583 2191 697 2233 summo
732 2174 879 2234 beneficio
913 2175 1042 2251 Augusti
1074 2173 1233 2233 Rossbach
1264 2172 1450 2248 professoris

230 2276 426 2336 illustrissimi
447 2280 481 2335 ut
500 2277 653 2353 reciperer
669 2278 701 2336 in
722 2278 837 2354 regium
859 2279 1082 2355 philologorum
1098 2276 1287 2336 seminarium
1310 2275 1449 2351 contigit:

232 2397 268 2439 ac
301 2379 416 2439 sodalis
449 2380 493 2439 fui
527 2385 612 2440 extra
647 2381 783 2440 ordinem
815 2400 871 2459 per
904 2400 1024 2461 annum,
1057 2381 1167 2440 deinde
1196 2380 1364 2439 ordinarius
1396 2397 1453 2455 per

231 2500 352 2544 menses
386 2501 449 2544 sex.
498 2485 565 2545 Nec
592 2502 664 2544 vero
695 2487 793 2545 solum
820 2487 931 2563 linguis
962 2485 1097 2546 Graecae
1126 2489 1157 2544 ct
1177 2485 1304 2544 Latinae
1328 2502 1450 2559 operam

230 2588 390 2667 navabam,
414 2588 573 2647 sedetiam
589 2588 770 2666 Sanscritae,
785 2590 1061 2669 Palaeobactricae,
1074 2588 1254 2649 Hebraicae.
1277 2588 1450 2647 Berolinum

230 2694 293 2750 tum
318 2708 366 2749 me
395 2692 508 2751 contuli
535 2692 575 2751 ad
596 2692 802 2751 Hermannum
823 2693 919 2771 Diels,
942 2692 1086 2751 Adolfum
1108 2692 1277 2769 Kirchhoff,
1303 2692 1450 2750 loannem

231 2794 376 2874 Schmidt,
390 2795 537 2855 loannem
543 2795 675 2854 Vahlen:
695 2799 726 2855 et
742 2814 853 2855 annum
865 2797 908 2854 ibi
921 2801 1132 2873 commoratus,
1149 2800 1183 2854 ut
1198 2794 1298 2854 studia
1313 2795 1450 2854 absolve-

233 2915 305 2976 rem,
318 2898 349 2957 in
360 2898 489 2975 patriam
499 2898 585 2957 redii.
601 2899 662 2958 Ubi
672 2899 921 2975 praeceptoribus
933 2917 1007 2958 usus
1019 2917 1084 2958 sum
1095 2898 1195 2957 hisce:
1207 2898 1335 2956 Martino
1346 2897 1451 2976 Hertz,

230 3000 356 3061 Alfredo
396 3001 596 3080 Hillebrandt,
634 3001 797 3062 Francisco
821 3002 1014 3081 Praetorius,
1047 3003 1185 3079 Augusto
1219 3001 1449 3079 Reifferscheid,

230 3106 367 3181 Augusto
404 3105 580 3184 Rossbach,
618 3105 731 3165 Adolfo
767 3106 922 3188 Friderico
961 3107 1114 3184 Stenzler,
1150 3104 1289 3165 Conrado
1324 3105 1449 3166 Zacher.

230 3208 436 3284 Philosophos
464 3213 564 3267 autem
593 3208 695 3268 audivi
720 3210 897 3270 Bennonem
924 3210 1087 3287 Erdmann,
1121 3209 1267 3268 iacobum
1295 3208 1447 3268 Frcuden-

229 3312 303 3391 thal,
325 3311 519 3371 Theodorum
540 3311 662 3374 Weber.
697 3312 737 3372 Et
759 3331 827 3372 cum
848 3313 1000 3389 magistris
1015 3312 1141 3388 gratiam
1157 3312 1295 3372 omuibus
1309 3313 1449 3391 habeam,

231 3417 401 3493 complures
423 3419 523 3474 tamen
550 3433 612 3474 nou
640 3433 700 3475 uuo
722 3415 844 3474 nomine
867 3415 905 3474 de
927 3433 976 3475 me
999 3415 1113 3490 optime
1134 3415 1233 3474 meriti
1255 3418 1334 3475 sunt.
1356 3415 1396 3476 A.
1420 3414 1450 3475 d.

230 3520 310 3579 XVI.
343 3520 414 3581 Kal.
446 3520 510 3578 Ian.
546 3537 671 3579 examen
703 3517 889 3597 rigorosum,
921 3521 955 3576 ut
987 3517 1085 3595 aiunt,
1118 3536 1226 3594 magna
1259 3536 1325 3577 cum
1357 3518 1450 3577 laude

232 3640 384 3701 superavi.
