3142 4950
815 323 857 387 46

228 526 382 614 γυναικός,
416 549 645 613 nonnunquam
672 531 727 594 καὶ
754 522 831 615 ὑπὲρ
859 536 914 595 τοῦ
941 529 1058 616 πατρός
1086 535 1147 595 eto.
1160 530 1192 610 ¹).
1243 528 1445 595 communio

228 651 344 697 nemue
373 633 562 717 coniugibus
590 633 655 699 illis
684 653 755 700 esse
785 634 940 699 bonorum
967 632 1174 719 putabimus?
1206 632 1292 716 Ergo
1321 632 1349 698 si
1371 631 1444 714 quis

226 735 297 802 loeo
321 737 583 822 propinquorum,
617 737 671 819 qui
700 735 804 802 adulti
831 736 896 801 iam
925 742 957 801 et
978 756 1056 803 suae
1079 734 1249 821 potestatis
1271 741 1355 818 sunt,
1387 753 1444 819 pe-

228 840 355 906 euniam
379 838 445 924 dat,
469 840 578 906 aliena
600 840 692 924 iungi
714 839 785 905 vioe
808 839 998 906 statuendus
1021 840 1090 923 erit,
1115 839 1211 905 etiam
1234 838 1288 922 qui
1305 858 1365 923 pro
1380 857 1443 903 avo

226 962 306 1027 puer
328 942 386 1008 dat
398 942 432 1026 ²).
476 943 519 1007 At
542 948 591 1009 est
612 943 645 1007 in
668 942 753 1007 tituli
774 942 893 1008 Rhodii
914 950 1007 1029 parte
1035 957 1076 1028 ᾖε

263 1063 432 1149 Ἑκαταῖος
454 1070 576 1136 Ζωΐλου
599 1073 653 1135 καὶ
675 1069 752 1157 ὑπὲρ
773 1078 835 1137 τῦν
857 1072 986 1138 παιδίων
1007 1074 1138 1150 καὶτοῖς
1159 1067 1304 1158 γυναικὸς
1324 1068 1367 1153 Χ,

227 1180 260 1239 et
281 1194 352 1239 eum
380 1182 515 1257 utroque
544 1182 713 1260 parentum
741 1175 915 1260 superstite
943 1176 1089 1242 fortunas
1116 1176 1187 1260 ipse
1214 1175 1334 1240 habere
1362 1191 1445 1258 puer
1554 1246 1562 1252 g

228 1284 379 1361 nequeat,
410 1285 444 1343 ut
466 1278 548 1344 illud
569 1275 646 1363 ὑπὲρ
668 1285 723 1343 τοῦ
746 1279 843 1356 δεῖνος
866 1279 961 1344 aliter
989 1280 1068 1346 alibi
1095 1278 1322 1361 intellegamus
1344 1295 1445 1341 uuum

226 1381 426 1464 relinquitur,
452 1382 569 1466 partim
594 1381 634 1446 de
658 1401 695 1447 eo
719 1382 773 1464 qui
795 1383 866 1447 vioe
888 1383 997 1448 aliena
1018 1383 1179 1466 fungatur,
1209 1381 1327 1467 partim
1351 1379 1443 1443 -si

226 1484 376 1549 dicuntur
404 1504 484 1550 uxor
512 1484 669 1567 liberique
698 1522 739 1533 -—
768 1483 870 1551 deeo
894 1485 1012 1568 quiex
1040 1484 1199 1552 oommuui
1227 1503 1262 1548 re
1288 1481 1445 1549 familiari

227 1586 350 1670 aliquid
374 1588 528 1654 conferat.
573 1588 659 1654 Oerti
687 1588 784 1670 igitur
812 1588 891 1654 nihil
921 1589 1048 1673 seimus,
1082 1609 1157 1654 num
1186 1587 1274 1673 apud
1296 1585 1443 1652 Rhodios

228 1697 260 1756 et
282 1691 497 1776 Oalymnaeos
520 1698 552 1757 et
574 1691 707 1758 Cnidios
730 1699 762 1757 et
777 1691 972 1777 Smyrnaeus
994 1711 1054 1758 sna
1075 1693 1161 1758 bona
1182 1692 1216 1756 in
1238 1689 1443 1756 matrimonio

225 1815 307 1860 uxor
335 1794 511 1861 retinuerit.
539 1795 659 1860 -De
687 1794 780 1862 titulo
809 1796 1060 1862 consecrationis
1082 1795 1234 1880 Mylasio-
1250 1815 1348 1880 supra
1375 1793 1444 1858 iam

226 1899 327 1964 verba
359 1897 494 1963 feoimus
526 1897 560 1962 iu
587 1897 684 1982 ρ22.
728 1896 816 1965 Nihil
843 1917 919 1964 vero
933 1885 939 1895 ’
954 1897 1091 1965 efficitur
1124 1917 1165 1962 ex
1196 1897 1298 1961 titulis
1331 1915 1445 1961 manu·

226 2000 413 2066 missionum
434 1999 648 2084 Dionysopoli
670 1999 704 2064 in
726 1998 847 2084 oppido
870 1998 1032 2084 Phrygiae
1060 2000 1205 2084 repertis,
1240 1999 1294 2083 qui
1324 1998 1446 2065 aetatis

225 2104 392 2169 Romanae
414 2102 538 2189 sunt³):
572 2122 633 2167 nee
661 2102 734 2188 plus
762 2122 803 2167 ex
830 2102 1038 2188 inscriptione
1066 2104 1202 2189 Bospori
1225 2102 1405 2171 Cimmerici
1416 2102 1445 2188 ⁴)

269 2221 493 2299 Βαοιλεύοντος
516 2220 666 2309 βασιλέως
689 2221 780 2307 [Σαυ-

271 2325 407 2413 ρομάτου
430 2325 662 2410 Φιλοκαίσοιρος
683 2328 738 2390 ναὶ
760 2326 855 2391 Φιλο-

272 2430 410 2517 propulso
431 2427 600 2516 Εὐσεβοῦς,
623 2429 710 2508 ἔτους
732 2427 828 2517 μηνὸς

269 2533 426 2599 Δαεισίοο.
451 2531 636 2618 εοτησμαςῗ
658 2535 713 2597 ναὶ
734 2531 863 2618 Harpis·

269 2642 480 2723 νουχρηστοῦς
501 2634 629 2700 Κοσσοῦ
650 2634 830 2721 Μενάνδρου

269 2742 324 2805 καὶ
345 2740 423 2826 γυνή
446 2737 676 2825 Χηματαέριοιῖ
699 2731 861 2825 ἀνέθηκαν

270 2841 457 2908 Θάλλουσαν
478 2839 619 2927 ipsusque
640 2838 729 2926 ἡμῶν
750 2841 924 2928 ναιο(ἳ)υρι·

271 2968 329 3011 σοιν
352 2945 401 3010 ἐπὶ
422 2951 599 3031 παραμονῇ,
623 2943 700 3030 μετὰ
723 2944 758 3008 δὲ
779 2943 836 3030 τήν
859 2944 941 3030 [tlo-

269 3048 324 3136 ὴ]ν
345 3047 434 3135 ἡμῶν
456 3041 544 3135 ἡμῶν
567 3049 643 3114 εἶναι
665 3045 761 3131 αὐτὴν
783 3046 910 3112 ἐλευθέ-

271 3155 339 3239 ρα]ν
361 3150 421 3217 ὑπὸ
442 3150 510 3235 tta,
532 3151 606 3237 Γῆν,
622 3149 738 3235 Ἥλιον,
762 3147 937 3239 ἄνεποὶφη[ν
980 3150 1047 3234 null

270 3253 518 3341 oiluerrqpsoiorqr
540 3253 603 3319 ἀπό
624 3252 656 3319 τ’
680 3254 756 3340 ἐμοῦ
778 3257 833 3319 aul
854 3254 967 3332 παντὸς

268 3357 467 3445 κληρονόμου
489 3357 662 3443 τρέπεσθαι
684 3355 724 3444 [δ’
747 3354 856 3444 αῦτ]ἠν

225 3566 259 3630 in
281 3585 346 3649 qua
368 3569 513 3631 extrema
535 3564 577 3630 de
598 3563 755 3648 singulari
777 3559 882 3630 forma
903 3563 980 3649 ἐμοῦ
1001 3562 1088 3629 idem
1109 3562 1318 3630 iudicandum
1333 3571 1383 3630 est
1400 3584 1444 3630 ao

226 3667 267 3734 de
290 3668 406 3734 eeteris
428 3668 562 3734 vooibus
585 3665 741 3734 barbaris.

224 3864 427 3874 ...μ

315 3999 335 4069 ¹)
370 3998 506 4067 Newton,
528 3993 625 4051 Greek
646 3995 723 4051 inser
739 3994 780 4067 Il,
798 3995 858 4052 343.
880 3994 908 4052 ib
927 3996 987 4052 298.
1009 3995 1139 4067 Newton,
1155 3995 1272 4064 History
1297 3995 1332 4051 of
1346 3993 1439 4053 diseo-

225 4086 321 4143 veries
345 4091 375 4140 at
394 4085 526 4139 Halicarn
545 4088 590 4138 eto
608 4101 626 4153 p
645 4084 704 4139 756.
741 4083 778 4139 Ol
796 4085 831 4154 Π,
850 4085 919 4140 3140
938 4099 999 4154 sqq.

371 4173 492 4227 Puerum
511 4172 601 4226 solum
619 4172 775 4240 reperimus
793 4172 822 4226 in
840 4168 981 4242 particula
998 4182 1038 4238 fi:
1057 4175 1160 4226 παιδίον
1177 4176 1300 4239 Αῐοχροο.

312 4174 325 4205 2

313 4176 334 4330 ³3
369 4259 462 4315 Journ
480 4258 514 4314 of
528 4258 620 4313 hellen
638 4258 704 4315 stud
721 4260 770 4328 IV,
789 4259 848 4315 380.

310 4348 334 4418 ⁴)
370 4346 498 4417 Newton,
517 4347 612 4403 Greek
638 4348 714 4402 inser
731 4347 766 4415 Il,
787 4346 844 4401 180.
