3142 4950
652 324 849 425 ἐξ

230 535 423 622 Amphissae
444 536 532 602 filiae
547 538 728 623 complures
743 537 816 623 pari
830 537 899 602 iure
914 543 1001 602 sunt:
1025 538 1110 602 tituli
1125 538 1210 602 enim
1226 536 1360 620 Delphis

143 641 273 725 reperti,
296 640 352 705 uhi
373 640 538 723 Megacles
560 640 794 725 Amphissanus
817 640 1031 706 manumissor
1052 640 1150 723 est¹):

186 741 380 830 παραλαβών
401 741 575 828 Μεγακλῆς
595 741 652 809 τοὶν
674 741 755 809 olveto
777 742 865 828 παρὰ
881 743 936 809 τᾶν
952 741 1090 827 ἀδελφοῖν
1110 741 1360 830 τᾶνΕὖρνοὶοτου

187 846 379 932 θυγατέρων,
408 846 533 932 Κρινίου
551 838 757 933 Ἀμφισοίδος,
778 846 810 911 Α
822 870 829 884 ·
843 867 850 883 ·
864 861 892 882 ·’
915 845 1173 923 Καλλιπολιτίδος
1200 848 1255 911 καὶ
1282 844 1359 932 ὑπὲρ

186 949 396 1036 Κλεοπάτραν
412 950 580 1036 Τριχονίδα
594 948 777 1036 Εὐμνοὶοτου
793 949 969 1035 Τριχονέος,
992 948 1047 1015 τοὶν
1070 948 1229 1013 ἐπίστευσε
1244 949 1361 1014 Νίκαια

187 1047 379 1132 αὖτοοαυτοῖς
401 1052 481 1120 ὠνὰν
495 1051 811 1119 ΕΠΙΣΩΠΟΝΠΙΑΙ
826 1051 998 1140 Εὐμνοὶστῳ
1013 1054 1057 1138 τῷ
1079 1052 1189 1139 πατέρι
1211 1051 1316 1137 αὐτᾶν,

143 1164 231 1223 reete
257 1160 328 1244 ipse
350 1157 586 1224 Haussouillier
613 1177 665 1223 res
694 1157 847 1242 explicat.
902 1157 981 1221 Cum
1015 1155 1110 1221 herus
1139 1162 1273 1242 accepto
1297 1178 1361 1223 ma·

143 1261 351 1327 numissionis
372 1261 476 1346 pretio
498 1261 623 1325 interea
645 1259 817 1327 defunctus
840 1266 934 1342 esset,
962 1258 1050 1325 filiae
1076 1266 1142 1325 tres
1169 1260 1202 1324 in
1225 1261 1361 1343 singulis

143 1363 273 1449 oppidis
284 1364 432 1447 singulae
442 1363 627 1430 habitantes
635 1363 829 1448 Amphissae
838 1361 1161 1447 CallipoliTriohonii
1172 1362 1362 1430 liberandae

144 1487 258 1533 servae
280 1487 390 1545 curam
412 1466 552 1550 Megaoh
574 1464 778 1532 tradiderunt
800 1466 924 1550 primae
946 1465 1034 1530 illius
1057 1466 1193 1548 coniugi.
1244 1466 1361 1532 Miran-

144 1567 220 1634 dum
241 1578 350 1635 tamen
372 1569 459 1652 quod
486 1590 544 1654 pro
572 1569 669 1634 tertia
690 1569 784 1633 nohis
806 1568 855 1633 vir
882 1574 1040 1634 occurrat.
1089 1569 1122 1633 Is
1143 1568 1214 1634 vice
1236 1573 1362 1634 tantum

143 1671 283 1738 feminae
305 1691 511 1755 nequaquam
526 1671 680 1754 fungitur,
704 1691 776 1736 cum
798 1669 879 1735 nihil
894 1670 947 1735 hic
968 1670 1074 1754 ipsam
1099 1670 1211 1735 iubere
1225 1671 1360 1737 intersit.

142 1777 245 1840 Immo
273 1780 398 1841 mortua
430 1776 497 1840 iam
529 1772 681 1840 habenda
713 1779 764 1840 est
797 1786 829 1838 et
855 1761 1053 1839 Eumnastus
1086 1778 1219 1859 propter
1245 1795 1362 1841 nomen

143 1879 266 1944 avitum
287 1877 415 1944 videtur
437 1877 539 1943 filius:
562 1878 624 1943 uisi
639 1877 722 1944 forte
738 1875 904 1942 Trichonii
926 1880 1029 1941 matre
1050 1873 1248 1943 hereditaria
1263 1877 1361 1944 etiam

143 1981 315 2066 superstite
337 1980 403 2045 filio
425 2000 477 2046 res
499 1981 646 2064 obtingit.

228 2101 405 2185 Mytilenae
428 2120 555 2184 quoque
577 2101 649 2185 pari
671 2101 740 2165 iure
762 2105 837 2165 sunt
859 2097 1076 2164 hereditariae
1099 2100 1290 2185 complures,
1314 2102 1362 2167 cfr

143 2204 268 2269 Aristot
299 2203 359 2269 Pol
381 2203 420 2287 V,
443 2204 472 2287 3,
496 2204 533 2267 3:
572 2206 643 2289 περὶ
674 2202 851 2287 Μυτιλήνην
885 2203 921 2265 δὲ
950 2201 982 2280 ἐξ
1015 2201 1191 2287 ἐπικλήρων
1224 2203 1362 2283 στοίοεως

143 2305 311 2393 γενομένης
332 2305 457 2372 πολλῶν
486 2305 608 2390 ἐγένετο
637 2303 722 2392 ἀρχή
750 2306 859 2371 κακῶν
888 2304 955 2369 κτλ·
995 2302 1190 2390 Τιμοφάνους
1218 2304 1279 2392 γοὶρ
1300 2310 1361 2374 τῶν

145 2408 284 2496 εὐπόρων
316 2408 394 2488 τινὸς
426 2408 649 2487 καταλιπόντος
682 2406 738 2472 δύο
767 2407 945 2495 θυγατέρας
979 2401 996 2472 ὁ
1024 2409 1210 2493 περιωσθεὶς
1242 2413 1298 2474 καὶ
1325 2405 1361 2476 οὔ

143 2514 249 2601 λαβών
272 2522 335 2591 τοῖς
356 2513 449 2579 υἱέσιν
472 2509 567 2577 αὐτοῦ
588 2511 760 2598 Δόξανδρος
782 2511 859 2598 ἦρξε
880 2513 936 2596 τῆς
958 2511 1105 2590 στοίσεως.

229 2636 279 2700 Ex
300 2634 427 2717 legibus
448 2634 594 2700 Platonis
617 2635 688 2719 (XI,
713 2635 744 2717 7)
766 2632 975 2717 hereditaria,
1004 2632 1065 2698 nisi
1094 2639 1188 2718 pater
1208 2654 1363 2718 generum

148 2744 343 2804 testamento
366 2737 504 2824 scripsit,
538 2758 602 2803 nna
636 2758 707 2803 cum
741 2736 885 2802 defuncti
919 2736 1005 2802 clero
1037 2735 1080 2801 ad
1108 2736 1203 2802 huius
1231 2737 1363 2805 fratrem

145 2841 234 2906 venit
256 2841 342 2907 clero
366 2847 529 2907 carentem
553 2840 826 2923 consanguineum
858 2839 1060 2904 uterinumve
1093 2847 1149 2905 aut
1181 2840 1224 2906 ad
1253 2842 1363 2908 fratris

143 2941 243 3008 filium
265 2950 323 3008 aut
350 2944 394 3008 ad
427 2942 528 3009 filium
560 2943 679 3009 sororis
712 2949 769 3009 aut
802 2942 845 3007 ad
868 2941 1011 3007 defuncti
1032 2948 1182 3028 patruum
1206 2942 1363 3027 huiusque

146 3045 246 3112 lilium
270 3052 326 3111 aut
348 3045 392 3110 ad
414 3066 487 3111 eum
514 3046 604 3111 cuius
627 3051 731 3111 mater
753 3053 803 3110 est
825 3044 969 3110 defuncti
991 3045 1106 3110 amita:
1141 3047 1168 3112 si
1191 3052 1298 3111 autem
1322 3068 1362 3112 ex

144 3150 194 3215 his
215 3170 309 3214 nemo
332 3154 389 3214 aut
411 3154 574 3234 superstes
597 3155 654 3214 aut
675 3154 785 3214 aetate
808 3153 903 3232 aptus
926 3155 985 3231 est,
1012 3148 1085 3232 ipsa
1113 3147 1182 3214 filia
1204 3151 1362 3216 tutoribus

144 3252 298 3319 adhibitis
320 3251 470 3317 maritum
493 3251 556 3317 sihi
580 3251 680 3336 eligit,
703 3251 848 3317 defuncti
869 3249 1067 3332 heredem2).

248 3498 282 3567 2.
327 3494 394 3569 De
422 3494 791 3569 ascendentibus
818 3505 860 3568 et
888 3494 1262 3572 collateralibus.

229 3648 318 3712 Inter
329 3648 542 3716 ascendentes
555 3656 586 3715 et
598 3644 804 3716 collaterales
816 3670 910 3733 quem
922 3651 1028 3716 locum
1043 3651 1183 3716 feminae
1195 3651 1363 3719 obtineant

144 3750 289 3835 Athenis,
311 3751 371 3817 hoc
393 3772 491 3818 unum
505 3752 652 3839 proditur
674 3755 858 3820 memoriae.
902 3754 1060 3822 Nimirum
1071 3755 1143 3840 pari
1159 3756 1362 3838 cognationis

144 3852 249 3937 gradu
282 3852 462 3921 hereditate
489 3855 630 3922 feminae
669 3878 691 3923 a
723 3857 866 3923 maribus
905 3856 1118 3925 exeluduntur
1157 3865 1189 3923 et
1227 3858 1362 3944 stirpem

234 4179 256 4248 ¹)
291 4179 355 4234 Bull
374 4180 409 4235 de
428 4195 493 4235 corr
510 4180 566 4236 hell
585 4180 661 4249 1881,
679 4198 698 4251 p
716 4183 776 4237 419.

230 4267 252 4335 ²)
287 4266 492 4337 KFHermann,
516 4268 567 4322 lur
592 4269 704 4324 domest
731 4274 761 4323 et
789 4267 867 4324 famil
889 4270 966 4340 apud
989 4269 1053 4325 Plat
1080 4271 1109 4324 in
1134 4271 1195 4341 Leg
1223 4286 1284 4325 cum
1313 4276 1362 4328 vet

146 4349 238 4408 Graec
256 4353 336 4408 instit
354 4368 470 4423 compar
486 4370 505 4422 p
523 4354 567 4409 26.
