3142 4950
693 354 733 420 51

100 564 282 629 habeantur
303 565 459 649 feminae,
493 563 562 629 sinc
594 564 664 628 ulla
692 562 893 629 dubitatione
920 563 1038 630 viduae
1068 584 1177 630 curam
1205 584 1318 648 gerere

102 667 259 732 minorum
292 668 468 735 liberorum
501 666 591 732 licet:
625 667 747 733 Paulus
768 666 904 734 Laband
933 667 1063 749 quidem
1085 666 1163 733 dicit
1175 668 1197 751 ¹)
1230 668 1317 753 apud

101 768 280 836 Germanos
303 772 492 856 plerumque
514 769 647 837 viduam
668 770 791 837 hahere
813 771 902 837 illam
924 776 1128 857 potestatem,
1151 771 1214 837 nisi
1236 771 1318 836 forte

100 871 133 937 in
155 872 276 939 iudicio
304 895 363 961 pro
391 874 504 941 liberis
532 872 694 958 agendum
723 874 773 940 sit.
833 874 927 958 Quae
961 874 1106 940 consistit
1129 896 1206 941 cura
1227 878 1261 939 in
1283 895 1317 939 re

101 975 254 1043 familiari
277 975 544 1043 administranda.
595 977 688 1043 Hanc
717 983 824 1043 autem
851 976 1160 1043 administrationem
1182 978 1318 1043 Athenis

101 1067 228 1172 duoque
250 1099 350 1165 penes
372 1086 508 1146 matrem
530 1079 725 1145 invenimus:
748 1079 835 1157 νέους
856 1078 1020 1158 πλουσίους
1041 1072 1202 1166 ὀρφανούς,
1226 1080 1267 1146 ὧν
1290 1081 1319 1145 οἱ

102 1182 157 1266 μὲν
189 1181 320 1267 πατέρες
352 1181 629 1268 τετελευτήκεσαν,
664 1183 697 1247 αἱ
728 1184 763 1247 δὲ
797 1182 927 1269 μητέρες
960 1181 1091 1269 διῴκουν
1123 1185 1180 1270 τὴν
1212 1183 1318 1249 οὐσίαν

101 1283 221 1366 (Aesch
244 1305 261 1350 o
283 1286 357 1352 Tim
378 1290 398 1370 ξ
417 1286 478 1351 170
493 1287 553 1371 sq).
596 1287 665 1353 Neo
687 1286 761 1352 hinc
777 1286 930 1352 abhorret
951 1287 1151 1368 Erythraeus
1165 1287 1319 1372 titulus²)‚

100 1388 157 1453 ubi
179 1388 314 1472 legitur:

145 1526 214 1590 αἵδε
247 1527 394 1613 [epuratur
426 1525 654 1612 ἐπεπράθησαν
689 1528 740 1593 ἐπὶ
773 1527 928 1613 ἱεροποιοῦ
957 1521 1183 1612 Ἡρακλεώτου
1223 1527 1319 1615 prodr

143 1628 331 1715 Ληναιῶνος·
362 1628 547 1715 Διοσκόρων.
561 1623 722 1708 heroum
749 1629 895 1697 Εὐθύνου
923 1633 979 1694 καὶ
1006 1631 1170 1716 ἐπίτροπος
1201 1630 1316 1696 Noood

144 1731 241 1818 Σίμου
264 1736 319 1798 οιαὶ
340 1732 445 1819 κύριος
467 1733 608 1812 Νοσοοῡς
631 1732 782 1820 Θεόφριυν
804 1735 992 1820 Δημητρίου.

101 1853 200 1918 etiam
222 1853 351 1920 disertis
372 1855 480 1921 verbis
502 1855 730 1938 Dittenberger
757 1855 823 1921 hoo
846 1854 976 1920 differre
998 1854 1133 1921 adnotat
1155 1855 1197 1919 ab
1221 1854 1317 1920 Athe

99 1957 260 2022 niensium
282 1957 418 2040 legibus.
473 1958 554 2022 Item
587 1957 725 2024 fortasse
757 1957 869 2022 titulus
896 1962 945 2023 est
973 1956 1185 2042 explicandus
1207 1959 1318 2024 Amor·

101 2059 248 2143 ginus³):

144 2176 278 2245 ἀπέδοτο
300 2179 478 2266 Νικήρατος
499 2183 554 2244 acl
572 2178 753 2266 Ἥγειιροὶτη
772 2182 832 2244 ’καὶ
854 2177 871 2244 ὁ
896 2178 1002 2266 κύριος
1023 2180 1198 2266 Τελένικος,

100 2301 156 2366 ubi
178 2300 350 2367 Niceratus
382 2300 511 2366 videtur
543 2301 631 2367 solus
664 2300 782 2367 fundos
815 2300 992 2386 possidere.
1046 2286 1115 2367 Nec
1147 2322 1224 2367 vero
1257 2302 1319 2369 hoc

99 2410 240 2490 opponet
278 2404 447 2488 quisquam
480 2410 528 2470 tot
565 2404 696 2489 negotia
735 2411 766 2470 ct
806 2403 934 2470 diversa
966 2424 1031 2469 non
1070 2424 1167 2490 posse
1205 2405 1318 2472 confici

101 2509 143 2574 ab
180 2507 307 2575 homine
334 2509 470 2574 minore:
505 2509 619 2576 tutoris
652 2508 736 2574 enim
773 2514 823 2574 est
852 2507 1088 2592 administrare,
1125 2528 1319 2592 quamquam

101 2632 229 2697 semper
272 2631 344 2676 enm
381 2611 446 2677 dici
488 2612 522 2676 in
559 2609 848 2677 commemorandis
884 2610 1028 2696 pristinis
1063 2612 1202 2695 negotiis
1239 2612 1320 2678 nihil

102 2734 183 2801 opus
206 2719 264 2779 est.

188 2851 337 2917 Ceterum
348 2851 388 2917 iis
403 2872 488 2936 quae
503 2851 669 2919 attulimus
685 2850 855 2918 Schmidtii
871 2850 1031 2916 sententia
1043 2850 1210 2935 refutatur,
1232 2853 1318 2934 qui⁴)

102 2956 135 3020 in
157 2955 227 3020 iure
248 2955 393 3021 Romano
415 2956 604 3021 muliebrem
626 2956 762 3021 tutelam
787 2960 960 3039 propterea
988 2954 1182 3039 imperatore
1204 2954 1319 3021 Valen·
1408 2980 1410 2982 ·

100 3059 224 3125 tiniano
246 3058 289 3123 Π.
312 3063 369 3123 aut
392 3064 467 3123 ante
488 3058 573 3123 hunc
595 3057 755 3124 interiisse
778 3055 867 3140 dicit,
890 3055 977 3140 quod
1004 3055 1098 3121 huius
1127 3056 1233 3122 edicto
1262 3057 1320 3124 fiat

10 3175 12 3256 j
101 3168 246 3249 potestas
269 3161 397 3228 feminis
418 3161 553 3226 tutelam
575 3161 749 3226 liberorum
770 3157 919 3244 gerendi:
953 3178 1013 3224 uec
1046 3159 1130 3224 enirn
1163 3158 1225 3225 hoc
1246 3179 1317 3225 cnm

10 3267 11 3350 l
100 3267 159 3332 illo
173 3286 239 3331 una
252 3265 396 3332 institnm
410 3269 541 3342 exstare
555 3263 708 3351 potuisse.
727 3299 769 3312 -
784 3260 909 3340 Quodsi
922 3262 955 3327 in
966 3282 1092 3347 papyro
1105 3262 1318 3348 Aegyptiace,

10 3391 11 3444 j
102 3371 156 3453 qui
188 3369 280 3435 initio
313 3367 383 3434 VII.
417 3368 540 3434 saeculi
572 3368 713 3452 scriptus
752 3384 836 3431 nunc
875 3370 1060 3431 asservatur
1092 3365 1251 3449 Berolini,
1284 3366 1317 3429 in

10 3499 11 3504 ¹
101 3471 312 3540 conducendo
334 3471 531 3537 mercenario
553 3470 797 3538 adulescentulo
825 3475 929 3534 mater
957 3467 1025 3533 eins
1047 3468 1183 3534 tutelam
1205 3487 1318 3552 gerere

100 3576 243 3642 videtur:
276 3576 453 3640 Romanum
476 3574 644 3639 Iustiniani
677 3574 728 3638 ius
761 3572 823 3638 hoc
855 3573 927 3638 looo
956 3571 1026 3637 sine
1055 3570 1153 3636 dubio
1176 3571 1318 3655 cogitan-

99 3680 176 3745 dum
198 3684 247 3743 est
259 3679 293 3759 5).

101 3889 304 3897 -.----

190 4023 211 4093 1)
246 4020 410 4077 zeitschrift
428 4019 657 4091 inlkerpsych
674 4021 723 4088 III,
745 4019 801 4074 182.

188 4109 211 4178 ²)
246 4107 457 4177 Dittenberger,
476 4108 536 4179 Syll
553 4109 605 4162 370
621 4125 642 4161 v
663 4107 719 4161 120.

192 4197 213 4265 θ)
249 4197 277 4251 ih
296 4194 363 4266 4383
382 4196 449 4249 vide
469 4211 556 4264 supra
573 4211 592 4264 p
610 4193 627 4246 9
646 4198 675 4248 et
693 4192 735 4247 38.

191 4284 213 4352 ⁴)
250 4281 452 4351 Forsehungen
470 4281 491 4350 Ι,
510 4282 568 4335 301.

192 4372 213 4439 ⁵)
248 4368 277 4425 ib
296 4369 355 4425 282.
