3142 4950
817 331 860 395 34

732 419 934 428 n————-

228 540 310 605 bene
325 537 496 606 Tbalheim
512 539 555 607 ad
579 561 651 607 eam
674 540 782 605 dotem
806 560 889 623 quae
911 542 1071 626 promissa
1086 539 1244 606 debeatur
1259 539 1359 606 refert
1373 559 1446 605 oum

225 664 284 731 pro
300 643 370 728 ipso
387 643 493 709 officio
508 644 612 729 patris
626 645 679 709 vel
694 638 804 709 fratris
819 643 939 709 fidutia
955 663 1026 712 esse
1047 644 1233 727 nequeet¹):
1257 650 1289 709 et
1306 642 1447 708 Dareste

226 753 314 812 errat
337 754 368 812 et
388 748 581 813 Barrilleau.
625 747 667 812 Et
681 747 792 811 Teniis
807 753 840 811 et
854 747 1012 831 Myconiis
1035 767 1118 830 quae
1141 746 1182 812 de
1205 746 1334 814 dotibus
1357 745 1442 811 datis

225 851 358 915 tabulae
390 850 520 934 publioe
553 858 626 916 sunt
653 850 821 916 oonfeotae
849 849 911 915 boo
942 871 1041 915 unum
1074 850 1226 916 doeemur
1255 870 1296 915 ex
1322 847 1444 914 collata

227 952 302 1018 dote
318 953 391 1018 lites
407 953 504 1018 facile
519 952 605 1019 oriri.
650 952 744 1029 Quod
761 951 802 1018 de
813 953 1070 1020 Massiliensibus
1082 953 1303 1019 Phocaeorum
1318 950 1441 1017 oolonis

227 1055 345 1126 Strabo
368 1056 422 1140 IV,
448 1055 506 1120 181
531 1059 551 1138 ξ
573 1057 594 1121 5
616 1056 744 1122 scribit:
805 1076 807 1080 ’

268 1153 289 1243 ἡ
313 1157 374 1244 γὰρ
404 1159 532 1245 μεγίστη
555 1159 644 1245 προὶξ
666 1157 769 1238 αὐτοῖς
799 1160 878 1227 ἐστιν
906 1159 1018 1226 ἑκατὸν
1043 1168 1156 1245 χρυσοῖ
1175 1162 1231 1223 καὶ
1253 1159 1295 1236 εἰς
1317 1157 1442 1244 ἐσθῆτα

269 1261 359 1326 πέντε
381 1263 436 1326 καὶ
456 1261 547 1329 πέντε
570 1264 612 1340 εἰς
632 1269 769 1350 χρυσοῦν
790 1261 919 1349 κόσμον,
942 1262 1037 1329 πλέον
1059 1259 1086 1327 δ’
1109 1260 1168 1327 οὐκ
1190 1261 1302 1341 ἔξεστιι

228 1385 268 1429 ex
296 1363 358 1430 hae
386 1366 459 1448 lege
488 1366 619 1431 minime
648 1367 785 1432 effioitur
812 1367 913 1432 aliam
941 1386 1067 1450 quoque
1095 1386 1137 1431 ne
1163 1365 1222 1432 dos
1244 1365 1348 1431 minor
1369 1385 1441 1433 oon-

226 1467 364 1533 ferretur
386 1467 499 1534 fuisse:
534 1469 631 1535 immo
659 1490 736 1535 vero
765 1469 906 1534 studium
934 1469 1016 1534 illud
1044 1468 1130 1552 quod
1152 1469 1186 1533 in
1207 1468 1370 1534 veteribus
1393 1474 1443 1533 est
1505 1509 1508 1513 ›

225 1570 272 1635 rei
302 1570 472 1638 familiaris
501 1593 598 1656 quam
626 1573 767 1639 maxime
800 1572 1041 1639 eonservandae
1076 1591 1297 1655 agnoscemus.
1346 1570 1443 1637 Haud

227 1674 295 1740 seio
317 1695 360 1740 an
383 1674 498 1740 eadem
520 1677 646 1742 ratione
668 1676 920 1758 intellegendum
943 1675 1024 1741 illud
1047 1674 1169 1761 Ephori
1190 1674 1232 1740 sit
1253 1673 1341 1760 apud
1357 1675 1445 1740 Stra-

226 1779 343 1844 bonem
365 1778 407 1863 X,
429 1778 493 1843 482
515 1782 535 1861 ξ
558 1780 614 1844 20:
638 1781 734 1865 ιρερνὴ
758 1776 784 1844 δ’
810 1780 890 1845 ἐστίν
913 1780 960 1865 (so
974 1780 1008 1845 in
1024 1780 1141 1862 Creta),
1164 1776 1201 1844 ἂν
1223 1770 1353 1862 ἀδελφοὶ
1375 1775 1440 1860 ὦσι,

226 1878 262 1945 τὸ
283 1879 378 1967 ἥμισυ
400 1882 455 1966 τῆς
476 1888 532 1946 τοῦ
554 1881 692 1968 ἀδελφοῦ
709 1882 846 1969 papea:
869 1903 1064 1965 quamquam
1079 1882 1131 1947 hio
1146 1881 1321 1965 significari
1335 1887 1444 1965 potest

227 2004 304 2049 usus
327 1985 360 2049 in
383 1996 445 2067 quo
468 1986 560 2051 nulla
581 1986 658 2051 insit
679 1986 761 2068 legis
783 1987 845 2051 vis..
886 1986 991 2068 Atque
1013 1990 1085 2050 utut
1106 2004 1158 2050 res
1180 2004 1215 2049 se
1237 1984 1346 2062 habet,
1369 2003 1440 2049 oum

224 2088 400 2152 Aristotele
428 2088 590 2172 auetore²)
620 2091 731 2155 Cretes
759 2089 864 2155 forma
892 2088 1091 2172 reipublicae
1118 2094 1250 2153 utantur
1278 2085 1440 2152 Lacedae-

225 2190 353 2255 moniae
376 2190 550 2275 simillima,
574 2193 713 2277 Spartae
735 2199 843 2257 autem
867 2191 959 2257 dotes
978 2191 1154 2273 antiquitus
1169 2189 1298 2273 quidem
1314 2190 1443 2255 omnino

224 2314 288 2359 non
311 2293 448 2359 oonferri
473 2295 642 2380 constet³):
676 2315 797 2361 morem
825 2294 955 2380 proprie
977 2293 1130 2358 Dorioum
1159 2312 1200 2358 ne
1221 2293 1313 2357 illum
1336 2292 1443 2357 existi-

225 2416 348 2461 memus
377 2397 556 2462 oavendum
584 2404 642 2465 est.
692 2398 820 2464 Lesbiis
849 2396 1004 2463 Berenice
1032 2395 1074 2462 de
1106 2397 1180 2461 dote
1208 2396 1313 2480 legem
1341 2395 1442 2460 fertur

226 2499 366 2583 dedisse,
401 2520 465 2583 qua
493 2502 644 2581 seriptum
675 2508 755 2586 erat,
789 2502 817 2567 si
845 2502 921 2566 dote
948 2500 1123 2566 constituta
1150 2506 1226 2564 ante
1249 2500 1440 2566 collocatam

225 2602 326 2668 filiam
349 2609 442 2688 pater
464 2604 595 2688 obisset,
617 2605 706 2669 utin
729 2604 848 2671 iudioio
872 2604 980 2671 dotem
1001 2610 1113 2690 petere
1127 2604 1254 2670 lieeret:
1278 2602 1319 2669 de
1334 2602 1440 2670 officio

227 2705 362 2772 dotandi
384 2704 464 2770 nihil
487 2706 644 2791 dieitur⁴).

310 2810 409 2874 Pater
431 2810 555 2876 seilieet
583 2812 771 2895 plerumque
800 2809 908 2875 dotem
935 2810 1068 2895 confert,
1097 2817 1171 2895 post
1192 2809 1285 2876 huius
1306 2801 1451 2875 mortem

224 2911 325 2978 frater
356 2912 500 2997 virginis,
533 2913 652 2979 viduae
672 2920 789 2980 antem
821 2919 878 2978 aut
905 2913 990 2980 lilius
1018 2919 1053 2979 ut
1081 2914 1114 2978 in
1142 2914 1235 2979 titulo
1261 2913 1317 2978 illo
1340 2912 1442 2977 Tenio

202 3016 399 3101 extremo&
421 3022 477 3082 aut
499 3017 527 3082 is
550 3018 604 3100 qui
627 3018 761 3083 tutelam
783 3015 892 3083 habet.

311 3312 333 3383 1)
368 3312 477 3383 Antiqu
500 3309 546 3366 for
569 3329 587 3381 p
613 3312 670 3366 144.
705 3312 837 3380 Dareste,
865 3310 926 3366 Une
953 3311 992 3365 loi
1018 3309 1126 3379 Ephes:
1155 3310 1240 3367 Nouv
1257 3324 1310 3365 rev
1327 3309 1384 3365 hist
1402 3310 1437 3365 de

225 3401 301 3455 droit
318 3401 339 3465 Ι,
360 3401 407 3454 171
427 3415 489 3469 sqq.
524 3398 683 3453 Barrilleau
700 3416 719 3467 p
739 3398 797 3452 154.

310 3486 332 3558 ²)
367 3486 480 3541 Aristot
498 3486 551 3541 Pol
568 3486 604 3555 ll,
622 3487 646 3555 7,
667 3487 689 3539 l.

313 3574 334 3641 Β)
370 3573 423 3628 Ael
441 3574 494 3629 VH
512 3574 560 3642 VI,
579 3573 612 3626 6:
631 3572 712 3639 νόμος
736 3575 790 3625 ἐστι
802 3578 856 3637 τοῖς
873 3570 1050 3639 Σπαρτιάταις
1061 3574 1120 3624 κτλ·
1135 3577 1228 3639 γαμεῖν
1246 3574 1276 3623 δὲ
1294 3566 1440 3637 ἀπροίκους

224 3665 269 3717 ἔτι.
305 3661 401 3716 Justin
427 3661 476 3729 III,
504 3660 533 3714 3:
559 3660 702 3729 „virgines
734 3660 794 3714 sine
822 3659 890 3714 dote
916 3659 1023 3714 nubere
1049 3657 1132 3713 iussit
1160 3658 1202 3724 (so
1223 3658 1385 3728 Lyeurgus]
1408 3662 1441 3713 ut

223 3764 327 3804 uxores
347 3749 518 3817 eligerentur
534 3762 592 3801 non
609 3746 772 3815 pecuniae‚“
796 3745 931 3801 Attamen
949 3751 1052 3815 postea
1069 3746 1152 3801 dotes
1165 3745 1249 3799 etiam
1267 3760 1439 3815 permagnae

224 3837 328 3891 dantur
346 3833 390 3890 efr
407 3834 520 3888 Aristot
538 3833 590 3887 Pol
609 3833 644 3902 ΙΙ,
662 3834 687 3902 6,
708 3835 748 3888 ll.
785 3832 808 3887 Ο
826 3834 931 3902 Miller,
949 3834 1072 3888 Dorier²
1089 3835 1124 3902 ΙΙ,
1143 3832 1202 3887 192.

310 3923 333 3991 ¹¹)
369 3923 435 3992 Hyg
461 3920 570 3976 Astron
596 3920 705 3977 XXIV:
751 3921 973 3990 „Eratosthenes
1003 3926 1097 3976 autem
1128 3920 1197 3976 dioit
1225 3924 1255 3975 et
1281 3919 1440 3990 virginibus

221 4010 332 4066 Lesbiis
360 4011 456 4065 dotem
483 4024 569 4079 qnam
596 4009 697 4078 cuique
727 4009 855 4064 reliotam
882 4025 900 4064 a
925 4014 1044 4078 parente
1071 4024 1153 4063 nemo
1178 4008 1297 4063 solverit
1318 4008 1438 4063 iussisse

221 4098 303 4153 reddi
326 4101 355 4151 et
378 4096 451 4149 inter
478 4110 527 4150 eas
550 4097 733 4152 eonstituisse
756 4097 949 4166 petitionem.“
989 4096 1016 4151 A
1038 4102 1127 4151 matre
1150 4095 1202 4150 dos
1222 4095 1298 4165 apud
1312 4094 1436 4150 Lesbios

221 4189 253 4239 ut
272 4184 349 4253 apud
366 4182 527 4254 Aegyptios
546 4183 608 4239 dari
625 4181 791 4239 Baohofeno
809 4185 924 4239 ridetur
942 4185 1012 4252 (Das
1030 4181 1234 4251 Mutterreoht).

309 4272 330 4339 ⁶)
366 4268 381 4323 ὂ
401 4274 473 4324 δεῖνα
491 4274 611 4324 ἐπέδωκε
628 4273 664 4339 τῷ
683 4275 744 4325 δεῖνι
757 4269 974 4340 Ἀριστοκράτους
992 4275 1090 4339 Γυραεῖ
1106 4272 1289 4337 ἑπίΝικησίλῃ
1304 4272 1339 4338 τῇ
1358 4274 1438 4338 μητρὶ

221 4361 254 4427 τῇ
274 4355 356 4411 αὑτοῦ
374 4361 432 4411 κτλ.
