3142 4950
813 302 833 372 8

721 396 924 405 ——----—-—-

215 511 272 579 ille
295 510 349 580 ὲὰν
378 514 413 579 δὲ
444 515 487 601 μὴ
517 517 579 601 ἔχῃ
608 515 673 598 legi
701 514 769 579 vult
777 511 811 599 ¹),
839 513 893 578 hie
915 514 958 579 ad
981 514 1130 601 ἐπιτρέψῃ
1152 514 1338 580 arohontem
1360 515 1433 580 sub·

216 618 376 701 intellegit
402 655 443 666 -
472 617 688 702 Significatm,
718 608 831 700 inquit,
853 616 915 682 isto
937 619 1096 684 voeabulo
1120 618 1239 685 arohon
1262 618 1295 683 in
1317 618 1433 697 marito

216 720 367 803 eligendo
390 721 516 786 mulieri
539 721 706 786 arbitrium
729 719 923 806 faoere²)—-
937 720 1108 787 Thalheim
1131 722 1275 804 sequitur
1297 722 1434 786 KFHer-

216 844 368 889 mannum
401 826 447 890 ita
480 825 548 890 fere
576 823 833 905 disserentem³):
877 810 916 890 Si
942 831 1078 890 nonest
1106 825 1264 910 epieleros
1291 824 1381 890 velut
1406 823 1434 888 si

216 927 317 993 frater
337 934 480 993 mortuus
503 927 586 993 filios
608 928 748 1013 reliquit,
771 933 839 992 tum
861 927 974 1011 kyrios
996 927 1025 992 is
1048 927 1175 992 exsistit
1197 947 1292 1009 quem
1315 928 1431 1012 epitro-

217 1052 293 1115 pum
315 1032 490 1097 liberorum
512 1051 584 1096 esse
605 1051 664 1116 per
685 1036 914 1096 testamentum
935 1029 1048 1114 kyrios
1069 1030 1262 1096 novissimus
1275 1029 1379 1095 iussit.
1391 1066 1433 1077 -

217 1134 260 1198 At
291 1132 374 1200 haeo
406 1134 440 1199 in
472 1135 545 1218 lege
573 1134 812 1200 desideramus:
840 1132 926 1198 Filia
952 1134 980 1198 si
1008 1134 1167 1218 epioleros
1195 1140 1259 1217 est,
1288 1133 1434 1218 proximo

215 1236 307 1301 nubit
334 1256 470 1321 genere3
498 1238 526 1304 si
553 1237 659 1302 minus
685 1238 774 1303 velut
801 1236 829 1302 si
857 1234 970 1305 fratris
996 1235 1055 1301 filii
1078 1244 1153 1302 sunt
1175 1237 1373 1321 superstites,
1395 1236 1434 1299 in

215 1338 361 1404 horum
384 1342 550 1408 tutelam
582 1341 772 1426 pervenit
806 1338 927 1405 ethis
950 1360 1024 1404 non
1053 1339 1206 1405 adultis
1234 1340 1267 1404 in
1289 1339 1358 1405 eius
1379 1338 1434 1421 qui

217 1449 266 1508 est
289 1442 462 1529 epitropos.

301 1546 456 1613 Miramur
483 1547 569 1630 quod
598 1549 779 1633 oomplures
808 1546 1013 1612 inveniantur
1034 1547 1128 1614 unius
1149 1546 1292 1612 mulieris
1313 1551 1435 1612 tutores

216 1649 300 1715 sieut
326 1650 444 1716 fratres
470 1650 607 1716 Athenis
634 1649 842 1734 interdum⁴):
871 1650 948 1714 item
976 1650 1119 1734 pupillus
1148 1648 1365 1734 compluribus
1387 1649 1435 1714 uti

216 1758 323 1837 potest
351 1753 549 1837 tutoribus⁵).
602 1755 723 1820 Romae
751 1752 838 1818 idem
866 1751 961 1818 nobis
990 1753 1138 1818 oeourrit.
1188 1751 1274 1829 Quid
1303 1759 1369 1817 tum
1393 1750 1435 1816 de

217 1855 411 1922 auctoritate
443 1856 676 1922 iudicandum?
724 1857 839 1923 Utrum
867 1855 962 1920 unius
984 1854 1103 1921 suffieit
1124 1877 1166 1922 an
1189 1855 1331 1920 omnium
1354 1873 1434 1939 opus

218 1960 290 2026 est?
319 1960 398 2025 Utnt
420 1959 461 2026 de
483 1960 607 2045 pupillo
628 1980 681 2026 res
704 1958 870 2042 sehabet,
892 1958 1018 2023 mulieri
1041 1957 1167 2025 videtur
1189 1958 1283 2024 unius
1299 1957 1435 2024 auotori-

217 2069 269 2127 tas
292 2063 421 2148 requiri,
444 2069 479 2128 ut
501 2063 664 2147 negotium
693 2064 735 2128 ab
757 2062 887 2127 homine
908 2061 958 2126 sui
980 2061 1059 2128 iuris
1082 2060 1300 2128 contrahatur.
1345 2062 1435 2127 Oete-

217 2186 286 2230 rum
319 2165 457 2232 fortasse
489 2167 550 2232 hoo
583 2187 647 2232 non
680 2172 729 2232 est
761 2165 825 2231 nisi
857 2164 1070 2249 posteriorum
1097 2171 1287 2250 temporum,
1317 2164 1434 2247 quibus

219 2269 396 2352 cogebatur
418 2268 535 2335 saltem
558 2289 645 2335 more
667 2275 753 2334 tutor
775 2289 903 2353 semper
925 2265 1129 2353 interponere
1151 2269 1386 2334 austeritatem.

303 2372 447 2438 Mulieris
475 2379 596 2458 nuptae
625 2372 759 2439 maritus
786 2373 900 2456 kyrios
923 2370 1012 2455 est0),
1035 2371 1183 2438 etiamsi
1206 2377 1256 2437 est
1277 2371 1436 2456 epioleros

219 2474 397 2559 eademque
424 2474 484 2541 filii
511 2474 615 2541 adulti
641 2484 745 2542 mater
757 2476 790 2560 ⁷).
833 2477 972 2541 Dareste
999 2474 1047 2541 ita
1069 2476 1163 2541 dieit:
1207 2476 1275 2560 „Le
1296 2474 1435 2561 premier

219 2580 296 2646 effet
329 2579 371 2644 du
400 2580 545 2663 mariage
573 2579 652 2645 etait
680 2580 722 2645 de
750 2585 925 2646 soumettre
952 2579 986 2644 la
1019 2579 1135 2646 femme
1163 2584 1184 2644 a
1210 2579 1372 2645 l'autorite
1393 2577 1435 2643 de

218 2704 277 2750 son
300 2686 396 2768 mari3
419 2683 501 2750 mais
524 2689 608 2750 oette
632 2683 770 2748 autorite
791 2684 871 2748 n'est
891 2703 953 2768 pas
976 2687 997 2747 a
1018 2689 1227 2768 proprement
1247 2682 1357 2767 parler
1371 2702 1434 2747 une

217 2787 389 2872 puissanoe
412 2792 444 2851 et
465 2806 507 2851 ne
528 2786 704 2853 ressemble
725 2787 902 2852 nullement
925 2792 945 2851 λ
965 2786 999 2851 la
1010 2786 1126 2852 Manus
1140 2785 1184 2850 du
1200 2785 1285 2851 droit
1300 2786 1434 2850 romain.

220 2890 306 2955 O’est
331 2908 394 2953 une
421 2889 648 2972 magistratum
677 2895 724 2974 et,
753 2910 877 2956 oomme
905 2889 953 2954 dit
979 2889 1131 2973 Aristote‚
1158 2908 1202 2953 un
1223 2888 1359 2973 pouvoir
1381 2887 1436 2970 qui

220 3015 241 3059 a
273 3013 316 3058 un
349 2997 514 3059 oaraotere
547 2993 713 3078 politique.
767 2994 814 3059 Le
847 2994 929 3059 mari
961 2992 1091 3058 devient
1122 2992 1155 3057 le
1186 2988 1291 3076 κύριος
1323 2991 1364 3057 de
1397 3011 1436 3056 sa

220 3098 347 3181 femme,
369 3116 468 3182 paroe
490 3115 552 3178 que
574 3102 662 3162 toute
683 3097 801 3162 femme
824 3097 893 3164 doit
913 3095 1004 3162 avoir
1025 3116 1070 3161 un
1091 3094 1196 3180 κύριος
1218 3101 1251 3161 et
1265 3115 1337 3179 que,
1353 3094 1435 3160 dans

221 3202 253 3266 le
275 3200 430 3284 mariage,
454 3219 491 3265 oe
514 3199 599 3265 droit
620 3221 661 3266 ne
682 3212 761 3285 peut
783 3200 971 3286 appartenir
993 3200 1043 3281 qu’
1066 3220 1108 3264 au
1131 3198 1275 3283 marim).
1290 3236 1333 3247 -
1347 3199 1436 3264 Uxor

305 3453 326 3523 ¹)
362 3450 405 3509 De
425 3450 512 3508 Solon
528 3450 575 3521 leg
592 3451 635 3506 97.

303 3541 327 3610 ²)
363 3542 435 3596 Mem
454 3553 503 3595 sur
520 3539 548 3593 la
567 3538 711 3594 condition
723 3538 759 3593 de
771 3536 800 3590 la
812 3534 914 3589 femme
927 3532 998 3589 dans
1012 3532 1039 3588 le
1052 3533 1129 3588 droit
1141 3533 1207 3589 oivil
1216 3535 1267 3589 des
1279 3534 1435 3591 Atheniens

218 3630 299 3699 (th
317 3628 361 3684 lus
379 3630 398 3683 a
414 3627 443 3682 la
461 3625 610 3682 Serbonne
632 3624 719 3693 1865).

306 3717 326 3785 ³)
362 3715 441 3770 Juris
460 3713 608 3769 domestici
627 3717 673 3768 ete
691 3710 866 3780 comparatio
886 3726 905 3778 p
926 3709 965 3764 10.

304 3803 328 3873 ⁴)
363 3802 503 3858 Demosth
521 3800 582 3870 XL,
601 3801 632 3853 7:
668 3798 746 3851 πάλιν
764 3797 896 3850 ἐκδόντων
914 3792 997 3865 αὐτὴν
1018 3798 1070 3849 τῶν
1087 3791 1211 3863 ἀδελφῶν
1227 3798 1371 3860 Μενεξένου
1388 3800 1437 3849 καὶ

220 3891 372 3945 Βαθύλλου.
391 3921 425 3932 -
443 3888 508 3944 Isae
530 3889 566 3957 Π,
588 3888 617 3942 3:
653 3885 721 3954 ἦμεν
743 3888 774 3938 δὲ
792 3878 863 3951 αὐτῷ
880 3887 973 3948 παῖδες
990 3887 1114 3951 τέτταρες
1131 3881 1215 3952 ἡμεῖς,
1234 3883 1281 3937 δύο
1300 3887 1346 3952 μὲν
1363 3888 1435 3950 υἱεῖς,

221 3979 269 4031 δύο
293 3982 324 4031 δὲ
346 3980 508 4045 θυγατέρες.
531 3974 737 4042 τελευτήσαντος
760 3975 791 4025 δὲ
813 3975 861 4027 τοῦ
884 3972 985 4039 πατρὸς
1006 3975 1145 4038 tradiderim
1167 3969 1243 4040 ἡμεῖς
1260 3972 1308 4039 τήν
1325 3974 1435 4039 πρεσβυ-

221 4070 300 4133 τέραν
318 4061 438 4133 ἀδελφήν
454 4065 505 4117 κτλ
523 4069 622 4131 προῖκα
641 4059 773 4125 ἐπιδόντες
792 4064 875 4112 εἴκοσι
893 4063 968 4127 μνᾶς.

306 4153 328 4221 ⁵)
363 4150 407 4206 ofr
424 4150 533 4219 Antiqu
551 4148 648 4203 ferens
666 4163 685 4217 p
707 4147 738 4201 12
756 4145 847 4203 adnot
863 4147 889 4201 3.

305 4240 327 4305 ⁰)
364 4237 408 4293 ofr
426 4234 511 4292 Sohol
534 4236 571 4291 ad
589 4234 728 4305 Aristoph
745 4236 809 4304 Equ
826 4234 886 4305 969,
905 4231 1028 4288 Eustath
1046 4233 1083 4288 ad
1102 4233 1175 4289 Iliad
1192 4233 1269 4302 XIX,
1287 4233 1348 4287 291.

302 4327 325 4394 ⁷)
361 4323 469 4392 Antiqu
487 4321 584 4378 ferens
597 4341 616 4394 p
630 4325 663 4378 10
675 4323 764 4379 adnot
775 4324 800 4377 2.
815 4353 847 4363 -
877 4324 899 4392 8)
917 4320 1038 4377 Journal
1050 4321 1102 4376 des
1115 4321 1239 4377 savants
1252 4320 1328 4390 1874,
1341 4337 1360 4389 p
1374 4320 1433 4374 621.
