3142 4950
621 421 655 426 m.
704 330 744 393 47
768 422 823 427 w

198 537 236 602 In
264 557 390 624 papyro
413 537 576 623 Aegyptio
605 536 779 603 vetustiore
809 542 952 602 mutuum
981 543 1109 602 sumunt
1135 534 1329 602 frumentum

113 640 267 723 coniuges
290 639 364 726 duo,
387 641 442 725 qui
464 641 620 707 bonorum
642 640 865 706 eommuuioue
886 640 933 704 uti
956 639 1105 705 videntur
1118 640 1151 722 ¹).
1195 640 1237 704 Et
1261 639 1327 706 aiio

112 742 183 808 loeo
207 743 360 826 legimus:
395 743 487 831 μέχρι
510 745 545 808 δὲ
566 742 676 809 τούτου
706 751 840 809 συνεῖναι
868 739 970 821 αὐτοῖς
998 740 1039 821 ὥς
1062 740 1141 828 άνηρ
1163 744 1218 806 καί
1238 740 1327 827 γυνη,

111 844 317 933 αυριευούοης
338 854 427 934 νιοινη
450 853 510 912 τῶν
532 845 735 932 ὑπαρχόντων
746 845 779 929 ²).
825 843 1027 930 Quamquam
1055 847 1088 912 in
1115 846 1181 912 illis
1211 845 1328 911 litteris

20 990 21 1011 2
111 951 188 1014 anni
216 951 264 1035 μθ
288 951 448 1019 uoculv.
472 952 581 1017 uxoris
603 951 703 1016 solius
725 969 838 1016 servus
861 956 920 1017 est.

262 1201 296 1272 Β.
333 1201 376 1272 be
399 1202 469 1272 iure
490 1202 573 1289 quod
595 1202 636 1273 ad
659 1202 814 1290 parentes
837 1201 1019 1289 liberosque
1040 1203 1182 1290 spectat.

113 1347 146 1416 1.
203 1339 346 1431 Quam
384 1342 519 1417 filiae
559 1340 826 1418 vendendae
866 1354 1145 1442 potestatem
1192 1353 1330 1442 pater

631 1463 814 1539 habeat

197 1620 437 1705 Antiquissimis
470 1621 668 1708 temporibus
700 1626 794 1686 tanta
822 1626 892 1687 erat
925 1627 958 1685 et
984 1619 1072 1706 apud
1100 1621 1262 1687 Romanos
1295 1627 1327 1685 et

111 1721 200 1808 apud
215 1723 358 1791 Graecos
373 1725 480 1810 patria
495 1732 649 1810 potestas,
672 1729 708 1790 ut
722 1724 821 1790 etiam
843 1725 903 1790 sub
919 1744 1038 1791 oorona
1053 1725 1172 1791 liberos
1187 1723 1327 1789 vendere

112 1826 196 1910 patri
233 1825 375 1893 familias
413 1828 535 1894 liceret.
595 1826 691 1913 Apud
723 1826 932 1894 Plutarchum
970 1826 1098 1910 quidem
1111 1827 1134 1910 8)
1173 1827 1325 1910 legimus:

111 1928 223 1993 πολλοί
245 1930 356 1995 δὲκαὶ
383 1932 497 2009 παῖδας
525 1930 617 2010 ἰδίους
644 1928 859 2016 ἠναγκάζοντο
881 1929 1006 1996 πωλεῖν·
1030 1928 1129 2007 οὐδεὶς
1150 1928 1211 2016 γάρ
1234 1928 1326 2016 νόμος

111 2030 239 2097 ἐκώλυε.
283 2033 331 2099 Ao
353 2034 474 2099 Thebis
496 2040 589 2120 pater
610 2035 704 2119 inops
726 2035 972 2119 magistratuum
999 2034 1229 2100 intercessione
1252 2052 1328 2099 usus

15 2142 17 2185 i
110 2135 231 2202 liberos
269 2135 410 2202 vendere
448 2136 620 2222 poteratb.
675 2138 719 2201 At
758 2138 819 2203 boo
852 2138 979 2204 Solonis
1015 2138 1142 2221 legibus
1178 2143 1328 2201 vetantur

15 2294 16 2321 γ
110 2238 334 2323 Athenienses,
357 2239 419 2305 nisi
434 2238 534 2305 filiam
550 2240 622 2323 quis
635 2240 669 2304 in
685 2245 796 2326 stupro
811 2240 864 2306 vel
880 2261 1021 2307 sororem
1037 2239 1327 2326 deprehenderim

15 2406 16 2419 ,
110 2341 226 2407 Frater
247 2342 371 2409 scilieet
393 2363 456 2407 nou
479 2342 578 2408 habet
600 2342 661 2408 nisi
683 2347 785 2428 patris
801 2344 873 2409 looo
895 2344 1012 2409 mortui
1035 2365 1107 2409 eam
1122 2348 1326 2429 potestatem.

110 2444 267 2512 Videntur
282 2453 390 2512 autem
405 2446 568 2530 quondam
582 2445 667 2513 filias
683 2466 873 2531 sororesque
887 2447 1101 2514 Athenienses
1115 2448 1167 2514 vel
1186 2446 1327 2513 universi

109 2548 227 2615 Graeci
248 2549 388 2616 vendere
410 2550 508 2635 soliti,
531 2570 603 2617 oum
624 2570 731 2618 mares
752 2550 894 2617 rendere
916 2552 981 2618 iam
1003 2573 1067 2618 uon
1089 2552 1219 2618 lioebat.

111 2725 144 2797 2.
169 2723 234 2799 De
252 2724 415 2802 liberis
434 2752 628 2825 quorum
644 2737 865 2825 parentes
882 2725 1001 2801 haud
1020 2728 1110 2801 sint
1129 2725 1328 2802 eiusdem

620 2846 813 2930 ordinis.
854 2855 865 2877 ”

194 2986 314 3067 Liberi,
348 3006 428 3069 quos
461 2987 533 3070 quis
565 2986 677 3070 genuit
710 3006 728 3051 e
756 2986 890 3051 muliere
922 3006 986 3051 non
1020 2986 1164 3052 eiusdem
1193 2985 1326 3071 ordinis,

107 3093 276 3174 patremne
298 3110 341 3156 an
373 3095 509 3156 matrem
541 3094 717 3171 sequuntur
750 3110 792 3155 an
819 3089 852 3153 in
882 3087 1073 3155 deteriorem
1095 3109 1222 3176 semper
1244 3090 1327 3157 siout

109 3191 197 3277 apud
219 3192 398 3259 Germanos
420 3200 546 3279 partem
569 3193 713 3259 abeunt?
757 3192 893 3259 Omnino
927 3192 1131 3258 matrimonia
1158 3194 1242 3259 inter
1270 3213 1326 3259 eos

196 3398 218 3468 ¹)
253 3401 400 3471 Leemans,
418 3402 479 3471 Pap
497 3402 615 3471 Lugdun
633 3402 655 3471 1,
673 3402 737 3456 411:
756 3399 892 3470 „tradidit
903 3398 970 3454 mihi
982 3400 1213 3456 commentarium
1225 3405 1325 3456 eontra

108 3484 364 3557 Chenephuibidem
390 3489 467 3544 Eriei
493 3487 578 3543 filium
603 3494 632 3544 et
648 3488 730 3544 huius
753 3504 870 3543 uxorem
893 3487 1089 3544 Marmotidem
1111 3488 1217 3543 Pasitis
1240 3486 1326 3543 filiam

109 3574 144 3628 de
163 3589 198 3630 eo
218 3576 294 3644 quod
312 3575 450 3632 debentes
467 3576 523 3645 ipsi
542 3577 695 3631 secundum
714 3580 891 3631 eontraetum
910 3581 956 3631 eto
972 3591 1030 3630 non
1047 3576 1170 3632 reddant
1187 3575 1265 3631 has.“

194 3660 217 3731 ¹)
253 3662 369 3719 Notioes
388 3668 418 3719 et
436 3663 554 3719 extraits
572 3664 676 3734 XVHI,
688 3664 705 3718 2
717 3664 743 3720 N
755 3665 802 3719 13:
822 3662 1017 3719 ofrDarestsl
1028 3664 1046 3719 l.
1059 3695 1092 3703 -
1107 3664 1128 3734 ⁸)
1140 3664 1213 3733 Plut,
1224 3662 1274 3719 Sol
1284 3663 1326 3718 13.

198 3749 222 3817 ⁴)
257 3749 320 3820 Aer,
338 3751 392 3807 VH
409 3752 445 3821 11,
463 3752 493 3806 7:
522 3747 579 3805 ἀλλ’
601 3752 647 3804 ἐάν
664 3751 682 3819 ᾗ
700 3755 782 3819 πένης
801 3755 829 3816 ές
846 3752 880 3804 τά
898 3755 999 3819 ἔσχατα
1017 3749 1033 3804 ὃ
1051 3755 1098 3805 τοῦ
1116 3752 1211 3815 παιδὸς
1229 3750 1326 3819 πατήρ,

109 3841 162 3890 εἴτε
187 3836 267 3904 άῤῥεν
296 3842 375 3892 τοῦτο
398 3843 450 3891 είτε
472 3839 544 3906 θῆλύ
568 3842 643 3905 ἐστιν,
667 3842 711 3891 έπί
733 3840 781 3902 τοὶς
800 3834 888 3906 ἀρχάς
910 3842 1027 3906 κομίζειν
1045 3843 1073 3902 ἐξ
1091 3834 1189 3892 ὠδίνων
1207 3841 1257 3891 τῶν
1276 3855 1325 3904 μη-

106 3925 196 3992 τρῴων
219 3926 265 3977 σὺν
291 3932 346 3989 τοῖς
370 3926 531 3994 σπαργάνοις
555 3919 632 3979 αὐτό·
656 3930 684 3977 αἱ
707 3928 737 3977 δέ
758 3928 964 3993 παραλαβοῦσαι
990 3921 1159 3978 ἀποδίδονται
1176 3925 1206 3977 τὸ
1227 3928 1324 3992 βρέφος

105 4014 141 4078 τῷ
169 4013 246 4080 τιμὴν
273 4014 414 4080 ἐλαχίστην
438 4014 516 4067 δόντι.
541 4012 625 4082 ῥήτρα
653 4030 682 4065 τε
705 4012 772 4079 πρὸς
795 4007 874 4065 αὐτὸν
898 4016 947 4065 καί
964 4010 1094 4080 ὁμολογία
1118 4011 1251 4080 γίνεταιῆ
1272 4013 1323 4080 μην

106 4102 210 4166 τρέφειν
236 4099 266 4151 τὸ
295 4102 391 4166 βρέφος
414 4104 461 4152 καί
484 4096 602 4169 αὐξηθέν
624 4102 694 4167 ἔχειν
717 4101 814 4152 δοῦλον
835 4099 854 4168 ἢ
878 4101 983 4167 δούλην,
1007 4099 1156 4168 θρεπτήρια
1175 4095 1257 4153 αὐτοῦ
1276 4100 1324 4167 τήν

106 4183 249 4255 ὑπηρεσίαν
266 4186 441 4253 λαμβάνοντα.

194 4274 215 4343 ³)
251 4274 317 4329 Plut
335 4272 384 4329 Sol
402 4274 450 4329 23:
487 4278 639 4345 θυγατέρας
662 4277 759 4328 πωλεῖν
781 4277 830 4327 καί
846 4270 975 4341 ἀδελφάς,
994 4272 1027 4327 ἂν
1044 4273 1113 4341 λάβη
1132 4292 1171 4338 τις
1189 4274 1322 4340 παρθένον

105 4355 179 4428 άνδρί
198 4367 431 4431 συγγεγενημένην.
