3142 4950
228 502 315 586 quod
329 502 363 567 in
377 502 479 569 titulis
495 503 720 569 vetustissImis
734 502 817 569 haee
832 522 897 568 una
911 502 1005 568 nobis
1031 502 1180 587 oeourrit
1207 509 1240 568 et
1261 502 1295 567 in
1316 502 1382 568 illis
1404 522 1446 568 ex

228 607 349 692 templo
370 607 513 693 Neptuni
526 606 689 674 Taenario
704 606 815 673 allatis
827 606 849 688 ¹)
871 612 904 671 et
925 606 959 671 in
981 626 1019 671 eo
1042 606 1098 689 qui
1112 604 1285 691 Olympiae
1299 611 1446 692 repertus

229 715 278 777 est
290 710 324 796 ²).
361 710 490 778 Gradus
506 717 538 776 et
553 711 646 794 quasi
660 729 832 797 processus
847 708 1106 776 manumissionis
1120 708 1266 775 RWeiIio
1282 716 1414 776 auctore
1420 708 1445 790 3)

227 813 357 900 dsunt,
379 820 415 880 ut
437 814 580 880 venditio
614 833 709 881 saera
741 812 883 879 medium
915 819 1026 879 teneat
1058 812 1142 879 inter
1170 812 1446 879 consecrationem

226 916 327 1000 illam,
355 936 440 1001 quae
467 917 566 983 etiam
593 918 697 984 altero
725 918 773 984 aC
800 891 933 984 sae'aulo
961 915 1105 982 Daulide
1132 915 1209 981 Stiri
1237 915 1447 983 Chaeroneae

228 1022 393 1087 Coroneae
415 1020 585 1105 invenitur,
615 1027 648 1087 et
667 1019 950 1087 manumissionem
974 1021 1009 1085 in
1042 1020 1190 1086 contione
1212 1020 1445 1102 renunaIatam,

231 1125 265 1190 in
287 1145 352 1207 qua
373 1129 482 1189 tamen
504 1126 587 1189 tueri
609 1125 793 1190 libertatem
815 1123 901 1190 servi
915 1122 1103 1190 sacerdotes
1125 1123 1294 1188 iubeantur
1316 1127 1448 1207 praeter

228 1227 437 1311 magistratus
458 1227 621 1312 publicos:
650 1227 713 1292 hue
741 1226 902 1293 referendi
930 1226 995 1292 duo
1022 1227 1071 1291 illi
1094 1227 1284 1311 Calymnaei
1312 1225 1397 1290 tituli
1426 1245 1446 1289 e

225 1330 326 1395 ruinis
348 1329 461 1413 templi
482 1329 645 1414 Apollinei
668 1331 786 1396 effossi.

316 1431 481 1498 Adversus
507 1432 703 1499 Fouoartum
724 1434 839 1499 Perrot
865 1438 897 1498 et
925 1432 1097 1498 Caillemer
1117 1432 1351 1498 contenderunt
1371 1431 1446 1496 Del-

225 1535 355 1622 phioum
377 1536 637 1602 manumissionis
657 1537 797 1623 genus‘)
821 1536 882 1601 etsi
895 1534 1060 1602 videretur
1083 1537 1293 1619 consecratio,
1315 1554 1446 1600 revera

227 1647 336 1706 tamen
351 1638 431 1704 nihil
446 1638 576 1705 differre
591 1661 613 1705 a
627 1640 786 1706 communi
800 1638 1000 1706 venditione:
1017 1640 1216 1722 feminasque
1231 1638 1446 1704 Athenienses

226 1762 267 1808 ne
288 1743 348 1808 illa
370 1742 499 1826 quidem
527 1743 653 1809 ratione
685 1742 932 1808 manumittendi
959 1743 1049 1828 ipsas
1076 1741 1127 1808 ins
1149 1742 1302 1808 habuisse
1323 1747 1445 1807 temere

226 1847 340 1911 Perrot
361 1844 498 1910 addidit.
521 1882 562 1891 -
585 1844 665 1921 Quis
686 1845 819 1911 tandem
841 1845 939 1911 etiam
961 1845 1056 1911 tertio
1072 1846 1216 1911 alterove
1237 1845 1284 1911 aC
1312 1845 1444 1910 saeculo

226 1970 337 2015 veram
358 1956 458 2032 negat
479 1948 718 2014 venditionem?
741 1947 932 2035 saepissime
946 1968 1023 2015 vero
1045 1948 1212 2033 principiis
1227 1947 1444 2014 institutorum

227 2073 267 2119 ea
289 2052 388 2118 facile
409 2051 565 2137 explicari
588 2070 672 2134 quae
694 2052 776 2117 mira
797 2058 913 2136 postea
933 2050 1105 2118 videantur
1126 2050 1207 2116 satis
1227 2051 1311 2116 inter
1333 2070 1444 2117 omnes

226 2155 399 2237 constas).

224 2258 350 2325 Eadem
383 2263 480 2341 atque
513 2257 602 2343 apud
639 2258 728 2343 ipsos
760 2257 904 2324 Graecos
941 2264 1087 2344 potestas
1125 2257 1159 2321 in
1191 2256 1316 2324 Iudaea
1350 2257 1444 2324 nobis

228 2361 367 2427 oocum't
402 2380 486 2444 qnae
518 2360 732 2445 Panticapaei
770 2380 897 2427 servum
936 2361 1054 2427 liberat
1091 2380 1176 2426 anno
1209 2361 1257 2445 pC
1289 2361 1441 2425 LXXXI.

224 2464 376 2532 Ianuario
398 2462 560 2548 menseb:

268 2566 414 2654 Χρήσαη,
436 2565 514 2653 γυνή
535 2566 685 2654 πρότερον
706 2567 801 2632 Nau
822 2568 877 2632 τοῦ
899 2566 1002 2652 Σώτα,
1025 2565 1163 2655 ἀφείημι.

223 2671 338 2738 Iudaei
379 2671 429 2737 illi
471 2692 666 2755 quamquam
703 2677 790 2738 oerte
822 2671 906 2737 hano
943 2670 1190 2737 manumittendi
1224 2672 1382 2738 rationem
1419 2692 1440 2736 a

228 2774 364 2841 Graecis
386 2773 509 2840 oivihus
531 2774 593 2840 sibi
608 2794 813 2860 assumpsere
824 2774 859 2860 ⁷),
881 2781 991 2841 tamen
1006 2773 1105 2839 etiam
1119 2774 1153 2838 in
1167 2774 1237 2839 iure
1250 2772 1442 2841 Iudaeorum

229 2877 443 2944 Thalmudico
466 2897 546 2944 suae
567 2878 739 2963 potestatis
760 2877 811 2943 his
833 2877 867 2942 in
889 2879 986 2944 rebus
1008 2878 1124 2943 mulier
1146 2884 1205 2944 est.

312 2982 433 3049 Contra
453 3001 598 3068 papyrus
630 2982 686 3048 ille
719 2982 847 3047 nomine
868 2981 1054 3066 Bartianns‚
1083 3001 1145 3064 quo
1178 2981 1386 3048 manumissio
1407 2981 1441 3045 in

134 3125 138 3131 -
226 3086 377 3171 Aegypto
406 3084 494 3152 faeta
521 3085 702 3151 continetur
729 3085 807 3151 anni
832 3085 880 3170 pC
908 3085 1125 3152 trecentesimi
1161 3086 1267 3168 quarti
1295 3091 1328 3151 et
1355 3085 1444 3167 quin·

228 3188 417 3273 quagesimi‚
439 3187 522 3255 haee
543 3189 643 3255 verba
665 3187 849 3272 exhibetb:

313 3455 334 3525 ¹)
368 3449 470 3522 Ro'ehI,
488 3452 556 3509 IGA
573 3453 616 3509 83.
638 3452 680 3509 88.
700 3483 732 3493 -
750 3452 773 3519 ²)
791 3453 895 3509 ibidem
914 3455 973 3509 552.

315 3543 334 3610 ⁸)
369 3540 470 3596 Mitteil
487 3538 618 3596 arrohttol
635 3540 697 3595 Inst
717 3540 783 3595 1879
801 3541 850 3611 IV,
868 3542 910 3596 27.

314 3630 338 3697 ⁴)
373 3629 407 3684 Id
434 3642 525 3698 genus
553 3627 637 3682 etiam
664 3626 803 3683 TIthorae
828 3628 1000 3697 reperimus:
1029 3627 1073 3683 cfr
1098 3628 1209 3685 Uln'ohs
1235 3630 1296 3684 hius
1313 3628 1395 3684 Rhsn
1415 3628 1444 3682 11

227 3716 287 3785 553,
312 3716 390 3771 ouius
417 3714 492 3770 tituli
513 3714 638 3771 Nerviae
662 3718 727 3769 sunt
745 3716 864 3770 aetatis:
889 3716 963 3770 etin
981 3716 1096 3773 Aetolia
1113 3716 1263 3786 Arsinoae,
1282 3715 1326 3772 afr
1343 3716 1443 3771 Mitteil

227 3802 343 3859 arohttol
360 3802 444 3858 Instit
462 3800 538 3869 1883,
555 3817 574 3870 p
593 3802 653 3856 341.

315 3891 336 3959 ⁶)
371 3890 522 3944 Potestate
546 3888 624 3942 servi
645 3887 785 3945 liberandi
809 3888 913 3945 femina
930 3891 1071 3947 Interdum
1088 3920 1122 3931 -—
1140 3891 1218 3960 apud
1234 3892 1362 3947 Boeotos
1381 3893 1440 3962 qni-

226 3981 290 4035 dam
308 3978 368 4033 sine
387 3975 705 4031 dubio-matrimonio
722 3977 793 4033 inito
811 3979 953 4048 pruvatur,
972 3995 1036 4035 eum
1053 3979 1150 4034 uxoris
1168 3978 1300 4036 fortunas
1323 3980 1441 4035 maritus

224 4067 421 4124 adminestret:
440 4063 476 4118 ds
494 4063 548 4118 hae
564 4078 597 4118 re
613 4067 717 4132 postea
734 4064 902 4135 videbimus,
920 4064 964 4122 ofr
981 4084 1000 4137 p
1018 4067 1060 4121 44.

313 4155 335 4223 ⁶)
371 4150 408 4207 CI
426 4151 461 4216 Π,
479 4150 548 4205 2114
565 4151 600 4223 Q
618 4175 652 4198 =
669 4150 834 4222 Antiquitts
853 4154 892 4209 du
909 4153 1006 4223 Bosph
1024 4152 1146 4209 CImmtr
1162 4153 1254 4209 XXII.

312 4240 334 4310 1)
369 4238 396 4291 11
413 4237 441 4293 A
458 4238 548 4311 Levy,
565 4239 712 4309 Epigraph
728 4240 822 4295 Beitr:
840 4240 931 4298 Jahrb
951 4239 966 4295 f
980 4241 1000 4295 d
1017 4240 1112 4297 Cesoh
1130 4242 1149 4297 d
1167 4239 1261 4297 Juden
1273 4258 1292 4296 u
1305 4241 1324 4295 d
1335 4239 1443 4297 Judant

226 4327 290 4384 1861
310 4325 346 4395 II,
364 4323 424 4378 299.
442 4356 476 4366 —
495 4326 516 4395 ⁸)
534 4325 657 4397 CurtIus,
674 4326 774 4383 Aneed
791 4328 884 4397 Delph
902 4331 972 4382 extr.
