3142 4950
643 293 845 398 ...J-

137 499 220 568 'an
242 510 350 570 autem
371 524 413 571 no
434 504 618 571 discordiae
639 505 723 570 inter
744 506 926 591 epitropum
947 506 1092 573 oriantur
1114 511 1146 572 et
1167 500 1295 590 kyrium
1317 494 1352 566 id

137 611 187 671 est
214 609 373 694 maritum,
401 629 467 676 una
496 630 568 675 oum
595 609 675 674 inito
703 609 907 676 matrimonio
935 610 1072 697 epitropi
1100 609 1150 674 ius
1177 608 1286 674 nesoio
1309 625 1351 671 an

136 711 349 777 transferatur
376 711 421 778 ad
448 712 608 797 maritum,
636 712 692 796 qui
718 732 777 798 per
799 712 999 797 aliquantum
1020 713 1175 799 temporis
1197 711 1351 778 maiorem

137 820 331 898 potestatem
358 815 521 900 hebeat1).
571 815 691 882 Contra
718 816 846 881 mulieri
867 816 1009 883 nondum
1032 817 1222 901 collocatae,
1244 812 1352 880 simul·

135 921 233 1000 atque
265 918 368 1004 pubes
395 919 485 986 faeta
507 918 602 1004 est²),
629 919 767 1003 epitropi
794 918 866 986 looo
893 920 1006 1005 kyrios
1039 920 1188 985 nimirum
1217 916 1352 984 exsistit.

135 1019 207 1086 Hoo
235 1020 296 1087 etsi
323 1021 495 1106 negahitur
522 1044 543 1089 a
571 1022 670 1107 nullo,
697 1027 807 1088 tamen
829 1023 1013 1091 Gaillemeri
1036 1023 1197 1091 sententia
1218 1017 1351 1108 probari

136 1123 261 1207 nequit:
290 1144 363 1191 eum
390 1126 608 1211 compluribus
636 1131 780 1191 veterum
808 1133 975 1194 auctorum
1003 1128 1085 1195 loois
1106 1127 1221 1193 mulier
1243 1122 1350 1190 matri·

136 1227 243 1293 monio
273 1227 432 1314 dirempto
460 1228 567 1295 redire
595 1228 722 1296 dicatur
744 1229 789 1296 ad
810 1231 939 1316 kyrium
962 1231 1016 1315 qui
1038 1251 1111 1299 eam
1132 1227 1350 1309 collocaverit,

139 1330 205 1396 iam
233 1338 331 1399 antea
358 1351 399 1397 ex
427 1332 573 1418 epitrope
596 1333 725 1419 kyrium
746 1333 869 1399 fautum
890 1334 1003 1401 videri.
1048 1336 1091 1400 At
1112 1334 1249 1419 primum
1271 1329 1352 1395 nihil

136 1453 218 1519 opus
241 1441 463 1524 estlaeourate
484 1435 550 1501 illis
578 1436 660 1501 loeis
680 1456 759 1503 vooe
780 1435 886 1522 κύριος
909 1437 1085 1521 significari
1105 1438 1227 1502 tutelae
1249 1452 1352 1521 genus

136 1536 222 1620 quod
249 1544 348 1605 antea
376 1538 488 1604 fuerit:
517 1537 635 1605 deinde
662 1539 756 1605 titulo
778 1539 836 1606 illo
858 1541 960 1607 Tenio
982 1541 1097 1627 pnpilli
1120 1559 1246 1624 quoque
1268 1544 1350 1603 tuto·

135 1659 204 1705 rem
235 1641 366 1727 publice
397 1641 527 1727 kyrium
560 1642 721 1727 appellari
753 1641 921 1709 discimus:
956 1642 992 1709 οὗ
1024 1642 1129 1728 κύριος
1151 1636 1352 1728 Ἀνδρογέπης

136 1744 296 1826 (Newtom
319 1743 428 1810 Greek
448 1744 534 1811 inser
554 1743 588 1809 Π
609 1743 640 1812 N
661 1746 722 1810 377
746 1766 766 1810 v
788 1745 833 1830 6).

219 1847 398 1932 Legitimus
426 1847 498 1931 quis
525 1853 575 1913 est
602 1853 688 1913 tutor
722 1847 888 1915 mulieris?
936 1848 1143 1915 Atheniensis
1169 1868 1233 1913 non
1256 1847 1352 1912 eollo

136 1955 231 2016 eatae
263 1950 376 2036 kyrios
409 1950 608 2035 intellegitur
640 1970 682 2016 ex
714 1951 789 2036 lege
821 1971 906 2035 quae
937 1951 980 2017 de
1013 1952 1147 2037 engyesi
1179 1957 1229 2017 est
1261 1949 1350 2035 apud

134 2052 382 2119 Demosthenem
403 2053 518 2138 XLVI,
542 2054 598 2119 18:

178 2153 218 2241 ἧν
246 2154 283 2222 ἂν
310 2153 451 2243 ἐγγυήσῃ
481 2156 531 2221 ἐπὶ
559 2156 687 2235 δικαίοις
715 2156 860 2243 δάμαρτα
888 2158 964 2224 εἶναι
991 2157 1013 2244 ἦ
1040 2157 1146 2244 πατὴρ
1171 2156 1194 2242 ἧ
1217 2153 1351 2240 ἀδελφὸς

179 2251 346 2345 ὁμοπάτωρ
378 2258 401 2345 ἡ
432 2258 560 2338 πάππος
596 2258 613 2324 ὃ
649 2259 726 2346 πρὸς
761 2260 893 2347 πατρός,
928 2261 966 2325 ἐκ
992 2260 1107 2347 ταύτης
1136 2261 1211 2326 εἶναι
1237 2260 1351 2336 παῖδας

177 2362 338 2449 γνησίους.
369 2360 422 2429 ἐὰν
450 2364 486 2428 δὲ
512 2364 620 2449 μηδεὶς
646 2362 669 2449 ᾗ
691 2362 816 2448 τούτων,
840 2364 894 2431 ἐὰν
915 2367 971 2451 μὲν
993 2362 1160 2449 ἐπίκληρός
1181 2385 1224 2440 τις
1244 2360 1278 2448 ᾖ,
1299 2360 1352 2427 τὸν

177 2465 284 2553 κύριον
305 2468 398 2553 ἔχειν,
422 2466 476 2533 ἐὰν
497 2467 533 2531 δὲ
555 2464 599 2553 μὴ
621 2464 654 2553 ᾖ,
676 2465 737 2554 ὅτῳ
753 2467 791 2534 ἂν
811 2467 971 2556 ἐπιτρέψῃ,
990 2468 1098 2534 τοῦτον
1112 2465 1219 2552 κύριον
1233 2465 1351 2551 eloam).

136 2588 234 2655 cuius
270 2588 354 2672 legis
389 2608 467 2673 pars
504 2594 649 2654 extrema
679 2594 895 2656 oonooversa.
952 2588 1118 2655 Adversus
1154 2586 1351 2653 Salmasium

135 2697 167 2757 et
200 2691 458 2776 Wesselingium,
492 2692 609 2775 quibus
642 2692 711 2759 filia
744 2693 943 2761 hereditaria
975 2701 1050 2780 post
1081 2699 1216 2759 mortem
1244 2691 1351 2758 mariti

135 2795 245 2860 venire
273 2793 401 2860 videtur
428 2795 462 2859 in
489 2795 558 2861 eius
580 2796 730 2880 tutelam,
760 2798 812 2863 oui
839 2817 898 2884 per
925 2803 1153 2865 testamentum
1175 2796 1232 2860 ille
1253 2795 1352 2860 tradi-

137 2895 235 2981 derit,
285 2896 410 2963 Heffter
445 2898 507 2965 hoo
543 2898 756 2978 oontendit⁴):
806 2900 974 2985 Epioleros
1006 2900 1034 2965 si
1069 2904 1175 2965 tutore
1206 2898 1351 2981 legitimo

135 2983 263 3049 omnino
279 2991 369 3050 earet
389 2985 568 3070 propinquo
584 2985 636 3050 oni
650 2987 772 3052 nubere
793 2985 906 3071 possit,
928 2991 1067 3051 tutorem
1089 2984 1239 3069 sibiipsa
1260 2983 1352 3066 eligit

136 3086 234 3152 etiam
267 3091 360 3152 extra
390 3086 548 3153 familiam
580 3086 724 3153 nubendi
754 3087 852 3153 uenia
883 3088 1059 3173 aooeptal).
1103 3089 1203 3152 Reote
1234 3087 1349 3152 neutri.

135 3190 256 3256 Contra
287 3187 471 3256 Odofredus
504 3189 620 3254 Mhller
652 3189 700 3255 ita
733 3189 920 3275 explieat⁶):
964 3189 1000 3255 Si
1033 3208 1073 3254 ex
1101 3188 1151 3260 his
1179 3190 1351 3274 superstite

134 3292 224 3357 nullo
257 3291 325 3357 lilia
359 3299 408 3358 est
441 3292 609 3377 epiolenos,
644 3291 758 3374 kyrios
790 3292 825 3357 id
858 3299 908 3358 est
939 3311 1059 3376 genere
1085 3291 1250 3378 proximus
1278 3311 1350 3357 eam

135 3391 260 3476 dnoit03
289 3394 317 3460 si
344 3394 461 3479 minus,
490 3395 580 3460 velut
608 3395 718 3461 fratris
740 3395 807 3461 filio
829 3398 1011 3481 superstite,
1032 3394 1085 3468 hio
1106 3414 1225 3478 genere
1246 3395 1352 3480 proxi-

134 3516 205 3562 mus
239 3497 416 3581 ouiounque
448 3498 538 3563 volet
565 3517 638 3563 eam
666 3498 836 3565 oollooato.
879 3500 1040 3566 Probatur
1067 3497 1145 3563 mihi
1172 3498 1254 3565 haee
1281 3518 1351 3564 sen·
1475 3580 1478 3586 Ι

133 3600 246 3666 tentia.
289 3599 333 3667 Ut
361 3607 468 3667 autem
491 3599 723 3686 Sehellingium
739 3609 771 3667 et
784 3602 977 3687 Desjardins
999 3602 1194 3686 omittamus,
1216 3621 1350 3684 qnorum

222 3876 243 3947 1)
278 3876 312 3930 In
338 3875 480 3933 Saxonum
505 3876 568 3930 inre
594 3890 651 3931 non
678 3876 777 3932 adulta
799 3893 888 3933 uxore
910 3878 1014 3933 tutoris
1036 3876 1184 3947 pupillaris
1205 3876 1268 3931 iura
1286 3892 1349 3931 oum

136 3963 231 4026 mariti
248 3962 356 4019 iuribus
374 3968 559 4019 oonourrunt:
578 3961 622 4018 ofr
640 3962 775 4033 Sohmidt,
793 3965 989 4035 Vorlesungen
1006 3965 1042 4031 Il,
1060 3965 1102 4019 99.

221 4051 243 4121 ²)
278 4051 322 4105 De
338 4050 463 4120 legitima
480 4054 575 4106 aetate
592 4049 660 4104 nihil
677 4051 808 4107 traditur.

222 4138 244 4206 ³)
281 4135 332 4192 Gir
349 4137 506 4193 Thalheimi
523 4137 632 4207 Antiqu
650 4135 747 4193 fouens
765 4157 784 4209 p
802 4139 820 4196 8
837 4141 926 4196 adnot
943 4140 960 4194 2
978 4139 1014 4194 de
1032 4137 1085 4192 hao
1103 4137 1175 4206 lege.
1299 4186 1302 4191 .

220 4224 243 4294 ⁴)
278 4224 372 4280 Athen
391 4223 694 4296 Geriohtsverfassung
710 4243 729 4295 p
749 4226 791 4281 74.

222 4311 243 4380 ⁶)
278 4311 329 4367 cfr
347 4313 483 4382 Plattner,
500 4313 634 4384 Beitrdge
651 4330 670 4382 p
690 4312 748 4369 118.
765 4344 800 4353 -
819 4315 841 4381 ⁰)
876 4311 992 4369 Dorier¹
1010 4312 1046 4381 ll,
1064 4312 1113 4365 194
1131 4311 1220 4365 adnot
1237 4311 1261 4363 2.
