3142 4950
699 346 741 409 43

113 553 263 620 vocabuli
289 562 433 639 παρεῖναι
460 552 546 636 quod
573 553 607 618 in
634 552 737 619 titulis
764 551 1050 618 manumissionum
1071 552 1234 618 Boeotiois
1261 551 1328 637 legi

111 657 194 723 solet
226 650 460 739 significatione
493 655 698 722 disseramus.
753 658 823 723 Iam
857 676 955 742 supra
968 656 990 742 ¹)
1024 655 1068 722 ad
1100 657 1325 722 auctoritatem

22 784 23 787 ¹
111 759 225 824 tutoris
246 757 281 823 id
303 766 451 845 spectare
472 760 671 844 negavimus,
694 778 799 841 neque
820 759 925 842 magis
946 758 990 827 ad
1004 757 1202 845 praesidium
1217 759 1325 824 liberti

110 869 218 945 potest
233 861 356 946 referri,
379 883 450 928 eum
466 862 553 948 apud
569 860 800 928 Orchomenios
820 862 951 946 quidem
973 864 1001 929 si
1022 860 1172 948 παρόντες
1193 861 1326 944 quidam

21 958 22 1009 ί
112 972 186 1031 sunt
219 964 395 1030 defendere
427 965 519 1031 illum
551 967 593 1031 sit
626 966 762 1030 aliorum
775 965 810 1049 ²).
853 965 904 1032 Ne
936 986 993 1050 pro
1027 966 1164 1031 testibus
1196 963 1326 1048 quidem

111 1068 232 1135 habere
253 1067 408 1153 παρόντας
429 1069 516 1152 lieet,
538 1088 614 1133 uam
635 1069 669 1133 in
691 1068 784 1134 titulo
807 1067 991 1134 Lebadensi
1012 1068 1176 1152 legitur³lz

21 1164 22 1167 ¹
153 1169 262 1237 Φιλλιό
283 1170 429 1258 Νιορινίω
455 1168 618 1256 παριόντος
646 1167 725 1256 αὐτῆ
748 1170 791 1255 κὴ
814 1177 858 1235 τῶ
881 1171 955 1236 ουίῶ
976 1169 1121 1257 Νιομινίω
1139 1169 1326 1256 Ἀρίστωνος

154 1275 228 1340 κτλ·
252 1274 399 1358 Κίστορες
421 1274 450 1339 οί
471 1275 565 1339 δεῖνα.

112 1378 247 1445 Collatis
268 1386 376 1443 autem
397 1377 500 1442 tribus
522 1376 611 1441 hisee
633 1375 750 1440 titulis:
1363 1454 1365 1459 ‚

154 1481 243 1547 Θόων
264 1478 420 1567 Σωμήλου
442 1477 602 1566 Λεβαδεύς
623 1476 775 1563 παρόντος
798 1476 881 1564 αὐτῷ
903 1484 958 1543 τοῦ
980 1478 1046 1543 υίοῡ
1068 1477 1218 1566 Σάμωνος
1230 1480 1265 1565 ¹),

150 1580 361 1671 Ἀριστοκλῆς
382 1586 437 1648 καί
450 1581 663 1668 Νικόστρατος
678 1580 908 1666 Καλλικράτιος
935 1582 994 1646 κτλ
1020 1580 1183 1668 παριόντος
1193 1580 1326 1669 Ἀριστο-

154 1688 234 1753 κλεῖι
255 1693 299 1753 τῶ
322 1687 396 1752 ouini
418 1684 648 1771 Καλλικράτιος
669 1687 724 1750 καὶ
746 1685 1043 1771 συνευδοκίοντοςί),

156 1789 347 1876 Ξενόφαντος
369 1789 427 1855 κτλ
458 1787 714 1855 συνευδοκιόντων
742 1788 786 1873 κή
815 1788 875 1854 τῶν
898 1789 988 1855 oeteo
1009 1809 1145 1829 ·····
1168 1789 1328 1868 Πασίωνος

156 1893 389 1979 strepentes:

112 1998 211 2064 iidem
226 1997 375 2064 videntur
390 2016 462 2063 esse
484 1994 633 2081 παρόντες
656 2017 696 2062 ao
717 1996 972 2075 συνευδοκοῦντες
993 1997 1237 2082 inscriptionum
1251 1999 1326 2063 Del·

116 2101 284 2189 phioarum
296 2101 331 2187 ⁷),
364 2101 419 2184 qui
442 2106 474 2166 et
496 2099 539 2165 ad
561 2100 754 2184 gravitatem
783 2099 1043 2166 manumissionis
1068 2101 1251 2184 augendam
1273 2100 1329 2167 ad-

113 2212 186 2271 sunt
208 2211 241 2271 et
262 2211 435 2291 propterea
457 2202 544 2288 quod
565 2203 599 2268 in
621 2202 747 2269 familia
769 2204 853 2268 servi
876 2202 1070 2269 referuntur:
1093 2224 1132 2269 ao
1156 2224 1283 2290 semper
1304 2206 1327 2270 ii

112 2306 261 2394 παρόντες
288 2307 460 2394 propinqui
482 2306 723 2372 manumissoris
745 2313 819 2372 sunt
842 2306 939 2372 etiam
962 2306 989 2370 si
1012 2305 1094 2390 φίλοι
1122 2308 1329 2402 appellantur

113 2412 201 2478 velut
213 2411 253 2496 ⁸)

152 2515 272 2593 Καλλὶς
309 2512 463 2601 Τιριάδαο
502 2511 665 2598 παριόντος
703 2510 782 2600 αὐτῇ
822 2513 918 2600 φίλων
956 2513 1126 2593 Κάλλωνος
1163 2514 1325 2602 Τιριάδαο,

154 2618 339 2705 Δαραγείτω
360 2616 589 2702 Καφισοδωρω.

113 2725 199 2789 Inter
221 2722 364 2806 singulos
386 2721 531 2788 homines
552 2720 638 2785 tituli
660 2719 911 2786 Chaeronensis:

154 2826 298 2911 Λαμπρὶς
330 2822 498 2890 Maroneo
536 2821 696 2907 παρόντων
736 2821 816 2908 αὐτῆ
854 2830 914 2889 τῶν
947 2823 1043 2908 φίλων
1075 2820 1237 2911 Εὐάνδρου
1271 2834 1328 2892 τοῦ

156 2928 369 3016 Τιμογίτονος,
400 2924 611 3011 Ἀναξιδάμου
638 2926 693 2991 τοῦ
726 2924 975 3011 Καλλικράτους,
1005 2925 1245 3012 Ἀριστοκλέους
1272 2930 1330 2994 τοῦ

157 3030 406 3119 Τιμογίτονος”),

116 3135 180 3202 alio
203 3154 298 3219 quem
320 3154 392 3199 oum
414 3131 587 3215 singularis
609 3131 652 3197 sit
673 3132 855 3198 mutilatum
876 3133 1084 3199 vehementer
1107 3133 1266 3220 doleo¹⁰):

151 3234 290 3323 Ἀριστω
311 3233 549 3321 Καλλικράτους
577 3233 729 3320 παρόντος
758 3229 838 3322 αὐτῇ
867 3236 922 3301 τοῦ
950 3235 1059 3322 ἀνδρὸς
1085 3235 1247 3322 Εὐάνδρου
1272 3245 1327 3303 τοῦ

158 3340 366 3428 Τιρογίτονος,
394 3337 618 3424 Καλλικράτης
640 3360 694 3403 και
716 3338 825 3426 Σιμίας
846 3342 901 3404 καί
922 3338 1149 3425 Κηφισόδωρος
1171 3342 1201 3407 oc
1221 3340 1329 3427 Σιμίου

201 3599 222 3668 1)
258 3600 325 3654 vido
342 3616 361 3669 p
380 3599 414 3655 23
433 3614 475 3670 sq.

200 3685 223 3754 ²)
257 3685 382 3756 Larfeld‚
405 3685 466 3758 Syll
487 3686 513 3742 N
534 3685 625 3756 30131:
661 3682 679 3755 ἠ
704 3690 735 3740 δέ
756 3687 794 3740 κά
816 3704 855 3752 τις
881 3690 1115 3755 καταδουλίδδειτη
1135 3692 1159 3741 εί
1176 3687 1329 3756 ἐφάπτειτη.

114 3773 223 3841 κοόριος
240 3775 308 3826 ἔστω
326 3771 340 3825 ό
359 3773 449 3840 ἱαρεός
466 3772 502 3840 κὴ
521 3773 551 3825 τό
570 3776 726 3841 πολέμαρχυ
745 3777 891 3838 σουλῶντες
904 3775 941 3842 κὴ
956 3775 1115 3842 δαμιώοντες
1127 3775 1163 3843 κὴ
1175 3776 1226 3827 τῶν
1239 3773 1328 3827 ἄλλων

115 3857 129 3911 ὁ
149 3860 301 3927 βουλόμενος
312 3859 348 3926 κὴ
367 3859 396 3912 τό
415 3858 539 3926 σοόνεδρυ
559 3861 699 3927 δαμιωνδω
718 3863 763 3914 τόν
781 3857 925 3916 άδικίοντα.

203 3946 223 4013 ³)
258 3944 286 4001 ib
305 3944 378 4016 722.
402 3976 435 3985 -
453 3946 476 4015 ⁴)
494 3945 610 4016 Preller‚
627 3948 686 4002 Ber
703 3948 722 4003 d
740 3947 829 4002 Stehs
848 3947 906 4003 Ges
925 3948 944 4003 d
961 3948 1038 4004 Wiss
1056 3946 1184 4017 phil-hist
1204 3948 1277 4003 1854.

202 4034 213 4064 ⁵
259 4031 384 4101 Lerfeld‚
402 4031 462 4103 Syll
479 4050 498 4101 p
516 4033 558 4087 51.

203 4122 214 4152 ⁶
262 4118 387 4189 Larfeld‚
406 4118 465 4192 Syll
483 4118 543 4190 532
560 4120 595 4177 A.

214 4036 224 4101 l

215 4124 224 4190 λ

203 4210 225 4275 ⁷)
261 4207 328 4263 vide
347 4205 422 4262 infra
439 4223 458 4276 p
476 4205 517 4261 58.

203 4295 224 4363 Β)
259 4295 323 4349 Bull
341 4293 376 4349 de
395 4309 459 4348 corr
477 4292 532 4349 hell
551 4295 626 4364 1884,
644 4295 686 4349 55.

201 4381 223 4448 ⁹)
256 4375 393 4450 Ἀθήναιον
410 4380 460 4451 IX,
477 4382 538 4438 356.
555 4412 589 4423 —
608 4383 643 4452 ¹⁰)
660 4382 689 4439 ib
707 4381 767 4438 359.
