3142 4950
816 308 857 372 66

267 508 471 599 Ἀρισταγόρη
507 512 739 600 Διονυσοδώρου
776 512 856 601 μετὰ
890 520 945 580 τοῦ
980 513 1091 592 παιδὸς
1121 514 1352 602 Διονυσοδώρου
1388 523 1444 581 τοῦ

265 606 480 702 Ἀριστομένου
508 616 704 703 κληρονόμος
731 615 810 682 οὖσα
837 617 898 683 τών
915 614 1129 705 Ἀριστομένου
1154 619 1210 684 τοῦ
1230 617 1444 705 Μητροδώρου

270 717 355 783 κατὰ
377 719 538 806 διαθήκην
560 720 785 806 διασυνίστησιν
807 720 961 806 ἱερητείοιν
981 718 1022 806 ἦν
1042 714 1200 808 ἠγόρασεν
1217 714 1443 810 Ἀριστομένης,

222 857 321 924 supra
348 840 413 906 iam
440 839 520 927 μετὰ
546 847 601 906 τοῦ
629 840 739 919 παιδός
765 843 868 908 uerba
900 841 944 908 ad
977 843 1092 909 tutoris
1124 842 1183 908 lilii
1217 844 1443 934 auctoritatem

221 940 446 1027 interpositam
469 944 666 1010 rettulimus:
690 944 732 1011 de
753 945 820 1011 filio
844 944 964 1011 herede
979 946 1109 1011 omniuo
1124 946 1204 1010 nihil
1220 944 1347 1030 dicitur,
1371 966 1443 1011 oum

223 1041 343 1110 diserte
365 1044 465 1111 vidua
486 1048 733 1114 testamentaria
754 1047 849 1114 heres
872 1048 1070 1134 appelletur:
1104 1048 1190 1132 quod
1219 1061 1328 1116 autem
1355 1069 1441 1115 anno

223 1147 269 1213 aG
304 1146 535 1217 OOLXXVIII.
566 1150 709 1218 testandi
737 1153 835 1217 etiam
862 1151 929 1217 filio
957 1152 1130 1237 superstite
1158 1158 1304 1238 potestas
1337 1152 1441 1218 libera

228 1250 280 1335 sit,
303 1271 367 1317 nun
389 1253 514 1319 mirum.
558 1254 610 1320 Ab
631 1255 785 1321 intestato
808 1255 902 1322 heres
924 1253 1024 1321 vidua
1045 1276 1110 1321 non
1131 1255 1268 1322 videtur.

311 1372 477 1439 Plutarchi
493 1373 633 1458 quodam
648 1376 731 1460 loce,
751 1376 807 1440 ubi
822 1376 962 1461 Spartae
985 1394 1025 1440 ex
1047 1375 1143 1441 cleris
1166 1376 1283 1441 civium
1306 1374 1441 1458 singulis

225 1480 443 1560 septuagenos
469 1477 597 1543 modios
624 1477 705 1564 ipsis
733 1498 773 1543 ac
795 1477 963 1544 duodenos
990 1478 1145 1544 uxoribus
1172 1478 1310 1544 rediisse
1332 1477 1442 1561 tradit,

220 1576 366 1643 Olldller
399 1600 478 1646 usus
513 1579 621 1646 dotem
650 1602 670 1646 a
697 1582 814 1647 marito
848 1581 1021 1647 Lacaenae
1049 1580 1170 1647 dictam
1193 1580 1373 1648 contendit:
1406 1579 1442 1645 id

218 1679 305 1763 quod
331 1682 453 1748 Jannet
481 1681 516 1768 (p
541 1683 614 1766 110)
643 1683 772 1768 refutat,
807 1704 879 1749 cum
907 1683 994 1749 idem
1022 1685 1111 1769 apud
1144 1684 1244 1750 alium
1276 1690 1441 1750 auctorem

221 1784 344 1849 nullum
367 1786 558 1871 reperiatur,
582 1792 613 1851 et
636 1786 679 1852 ad
701 1787 883 1872 posteriora
905 1793 1054 1872 tempora
1074 1787 1213 1854 fortasse
1236 1786 1440 1853 referendum

222 1894 341 1972 censet,
373 1890 489 1972 quibus
518 1889 695 1956 ditissimas
721 1891 875 1955 mulieres
903 1890 1003 1956 fuisse
1031 1897 1167 1957 constat.
1210 1892 1304 1957 Hunc
1331 1897 1441 1956 tamen

222 1990 389 2073 ecquidem
405 2013 469 2058 non
484 1998 623 2077 secutus,
646 2013 720 2060 cum
735 1993 846 2059 dotem
862 2000 987 2060 constet
1000 1993 1249 2060 Lacedaemone
1263 1993 1441 2077 antiquitus

217 2095 415 2181 muninime,
452 2096 686 2162 Germanorum
718 2096 801 2161 illud
822 2096 1003 2163 institutum
1039 2098 1180 2183 profero,
1217 2098 1307 2164 cuius
1340 2116 1441 2182 supra

217 2198 337 2264 mentio
370 2194 480 2265 fiebat.
530 2198 626 2285 Apud
660 2198 799 2264 eundem
827 2200 1035 2266 Plutarchum
1050 2201 1072 2284 ¹)
1106 2201 1273 2266 mulierem
1306 2198 1438 2265 divitem

220 2299 400 2367 invenimus
423 2322 518 2387 quae,
541 2323 613 2368 eum
635 2301 735 2368 vidua
756 2301 916 2387 videatur,
938 2323 1144 2387 nequaquam
1158 2303 1227 2370 fllia
1241 2301 1440 2368 hereditaria

220 2409 283 2470 est:
318 2401 340 2491 η
369 2405 404 2468 δὲ
432 2403 564 2493 σἰληδώς
592 2404 788 2472 ἀναπείσασα
814 2404 867 2471 τὸν
890 2398 1077 2493 Ἀγησίλαον
1105 2405 1187 2471 αἰτία
1219 2412 1280 2473 τών
1307 2427 1438 2492 πραττο-

220 2507 319 2595 perot
341 2519 508 2596 μετασχεῖν
530 2508 720 2596 ὀφλημάτων
746 2509 874 2595 πλῆθος
895 2508 935 2595 ην
962 2510 1035 2575 οιτλ·
1064 2503 1117 2587 Ὡς
1139 2508 1193 2576 οὖν
1213 2509 1327 2595 τάχιτα
1348 2531 1439 2595 προς-

217 2610 357 2697 ηγοὶγετσ
385 2620 494 2680 τοῦτον
522 2606 653 2699 ὁἈγις,
688 2610 784 2690 εὐθὺς
817 2614 970 2698 ἐπιχειρεῖ
999 2609 1067 2699 μετ’
1105 2606 1201 2679 αὐτοῦ
1233 2612 1290 2699 την
1318 2611 1439 2699 μητέρα

218 2714 350 2798 πείθειν,
374 2713 517 2802 ἀδελφήν
539 2714 636 2783 οὖσαν
652 2709 861 2801 Ἀγησιλάου,
894 2716 1014 2802 πλήθει
1041 2717 1076 2780 δὲ
1102 2716 1245 2783 πελατῶν
1266 2718 1321 2781 καὶ
1342 2716 1440 2801 φίλων

218 2820 274 2882 οιαὶ
295 2821 462 2905 χρεωστῶν
485 2820 566 2907 μέγα
589 2819 770 2906 δυναμένην.
814 2818 976 2885 Heredem
1005 2840 1078 2886 eam
1105 2821 1207 2886 fuisse
1234 2820 1351 2887 marito
1373 2840 1438 2887 non
1475 2841 1479 2848 ’

218 2921 376 2990 habemus
391 2926 605 3010 exploratum,
627 2924 767 3009 pecunia
782 2943 903 3007 magna
922 2921 982 2989 dos
998 2924 1136 2990 fortasse
1151 2924 1211 2988 fuit
1233 2943 1274 2988 ex
1296 2922 1439 2988 moribus

214 3024 303 3092 illins
325 3027 459 3094 saeculi.

301 3148 454 3214 Attamen
468 3147 620 3233 Epicteto
634 3146 785 3213 Theraea
797 3113 913 3213 marito
929 3146 1024 3212 heres
1038 3147 1166 3213 uidetur
1181 3146 1435 3229 testamentaria,

222 3269 417 3333 quamquam
440 3251 552 3316 liberis
574 3271 639 3316 non
662 3256 761 3315 caret.
806 3250 873 3316 Sua
902 3251 985 3315 enim
1014 3250 1094 3317 dicit
1121 3248 1299 3335 αὐτόιιιητα
1319 3247 1437 3334 papia:

216 3355 278 3421 hoo
300 3357 429 3421 nomine
451 3356 534 3422 alios
557 3375 629 3422 esse
651 3354 769 3420 fundos
790 3356 956 3440 probatur,
979 3374 1060 3438 quos
1082 3354 1111 3418 ei
1127 3354 1231 3419 minus
1247 3352 1437 3418 abalienare

220 3458 318 3525 liceat
330 3459 365 3542 ²).
415 3462 464 3524 Ac
495 3460 619 3525 verbis:
654 3457 815 3522 alcoleiam
846 3457 930 3551 κατὰ
962 3458 1019 3524 τὰν
1049 3456 1259 3544 γεγενημέναν
1293 3477 1345 3543 μοι
1377 3451 1438 3520 ὑπὸ

108 3642 110 3645 y
215 3562 271 3625 τοῦ
299 3560 409 3647 ἀνδρὸς
437 3561 583 3639 Φοίνικος
605 3561 732 3628 ἐντολὰν
753 3561 813 3626 κτλ
866 3561 974 3627 mariti
1002 3567 1100 3627 antea
1132 3561 1231 3626 hasce
1264 3578 1317 3625 res
1338 3559 1439 3624 fuisse

219 3665 390 3749 colligitur.

301 3786 438 3872 Delphis
470 3806 552 3851 uxor
584 3786 700 3854 marito
733 3786 828 3854 heres
850 3784 1040 3851 Thalheimo
1069 3783 1232 3870 videtur³)
1264 3789 1440 3869 propterea

216 3889 301 3974 qnod
324 3889 463 3975 primum
477 3889 584 3956 locum
600 3889 732 3973 obtinet,
755 3890 939 3972 ubicunque
954 3909 1107 3954 unacum
1129 3888 1241 3954 liberis
1256 3887 1436 3953 consentire

214 4066 417 4074 -...-——-—-

304 4166 315 4197 1
409 4164 416 4177 .

300 4166 324 4320 'd
359 4163 498 4307 dddsesde.
518 4253 604 4308 Nouv
620 4266 674 4305 rev
690 4251 748 4306 hist
766 4253 802 4308 de
821 4252 898 4307 droit
915 4251 965 4318 Vl,
982 4253 1042 4306 252.

303 4339 326 4407 ⁸)
360 4338 469 4409 Antiqu
487 4340 534 4395 for
551 4355 570 4407 p
588 4339 622 4390 57
641 4340 738 4392 adnot.
