3142 4950
702 317 905 412 m„

198 522 383 608 patrimonii
404 524 508 590 vetari
531 525 676 609 negat1).
731 521 840 600 Quare
862 530 895 589 et
921 524 1009 590 filiae
1037 525 1218 610 complures
1250 524 1323 611 pari
1345 525 1415 590 iure

198 632 272 693 sunt
294 632 327 692 et
347 626 565 693 hereditariae
588 628 664 693 licet
686 627 785 693 etiam
807 627 948 694 maximo
971 627 1108 694 alicuius
1129 626 1195 694 filio
1218 629 1349 694 nubere.

283 766 412 832 Oretum
435 772 484 830 est
506 763 547 829 de
569 764 747 850 ἐπικλήροις
769 766 824 831 lex
848 785 950 849 eaque
973 764 1201 849 vetustissima,
1225 765 1315 845 cuius
1337 785 1415 852 pars

196 869 244 934 sic
266 867 383 950 legitur
395 866 434 950 ²):

238 1002 305 1082 τθνς
327 1003 565 1089 ἐπιβαλλόντανς
588 1003 708 1092 ἐξῆμεν,
732 1006 767 1069 αἶ
785 1027 829 1069 κα
845 1003 951 1070 θανών
974 1028 1017 1082 τις
1031 1005 1225 1091 πατρῳῶχον
1244 1004 1414 1091 καταλίπῃ,

239 1103 261 1194 ἢ
285 1105 392 1185 ababa
414 1108 567 1193 πρίασθαι
589 1106 628 1172 τὰ
650 1106 802 1194 χρήματα
813 1106 845 1194 ἢ
867 1106 930 1193 πὰρ
953 1108 1020 1185 τόνς
1043 1106 1204 1193 ματρῴανς
1220 1107 1413 1194 καταθέμεν,

240 1201 276 1289 ἇς
298 1233 341 1274 κα
365 1208 507 1295 caelata
530 1209 550 1274 αἱ
572 1212 775 1296 πατρῳῶχος,
798 1213 853 1275 καὶ
875 1210 997 1276 δικαίαν
1019 1209 1098 1298 ἦμεν
1119 1209 1174 1277 τὰν
1196 1208 1276 1278 ώνάν
1291 1209 1416 1276 acisclo

241 1313 422 1380 κατάθεσιν.
446 1315 478 1378 αἰ
500 1311 531 1377 δ’
555 1312 650 1391 ἄλλος
671 1311 793 1399 πρίαιτό
815 1336 858 1392 τις
879 1313 1030 1401 χρήματα
1051 1314 1259 1400 ἤκαταθεῖτο
1281 1320 1411 1390 τῶνταῖς

241 1416 436 1503 πατρῳώχω,
463 1415 502 1481 τὰ
531 1419 585 1503 μὲν
613 1415 764 1502 χρήματα
794 1417 843 1481 ἐπὶ
864 1423 904 1505 τᾷ
925 1415 1110 1504 πατρῳώχῳ
1133 1415 1221 1503 ἦμεν,
1244 1414 1261 1480 ὁ
1284 1412 1314 1480 δ’
1339 1414 1416 1481 ἀπο-

243 1520 370 1608 δόμενος
397 1519 418 1606 ἢ
446 1520 603 1597 καταθένς
630 1521 673 1604 τῷ
702 1518 860 1606 πριαμένῳ
889 1518 1152 1607 ἤκαταθεμένῳ,
1175 1522 1265 1584 αἴκα
1286 1519 1415 1605 νικαθῇ,

241 1626 335 1712 διπλῇ
357 1632 557 1689 καταστασεῖ·
580 1624 638 1687 καῖ
656 1623 685 1687 τί
706 1621 842 1689 κ’,ἀλλᾱ
863 1630 918 1701 τᾶς
939 1622 961 1709 ᾗ
986 1623 1042 1708 (i),
1071 1616 1108 1689 τδ
1128 1617 1245 1707 ἁπλόαν
1269 1623 1417 1687 ἐπικατα·

239 1751 355 1795 στασει.

197 1865 359 1933 Videlicet
381 1863 422 1927 de
444 1861 513 1928 fllia
534 1861 677 1931 noudum
692 1867 794 1947 nupta
808 1831 912 1947 primo
934 1863 1006 1929 loco
1023 1842 1141 1948 agitur,
1164 1832 1248 1948 uuae
1263 1865 1417 1931 infirmior

198 1967 325 2034 videtur
358 1987 454 2051 quam
487 1972 523 2031 ul
556 1986 624 2031 rem
657 1964 884 2031 administrare
916 1967 1108 2032 familiarem
1145 1969 1258 2052 possit,
1292 1989 1363 2034 cum
1394 1990 1416 2034 a

196 2072 356 2138 tutoribus
378 2070 412 2134 id
435 2070 593 2155 postulari
615 2074 763 2153 nequeat.
814 2069 1044 2135 Conservanda
1070 2090 1122 2135 res
1150 2071 1236 2137 intra
1257 2072 1417 2137 familiam

196 2176 301 2261 ipsam
324 2179 383 2240 est.

282 2310 448 2377 Theraeus
470 2310 639 2395 Epictetac
660 2315 754 2396 pater
775 2330 930 2393 germano
953 2310 1053 2376 fratre
1076 2311 1215 2376 carentis
1237 2309 1340 2393 filium,
1353 2312 1416 2378 sibi

197 2416 377 2500 arrogavit:
414 2411 608 2499 Ἀντισθένης
637 2404 809 2497 Ἰσοκλεῦς,
849 2412 932 2478 κατὰ
974 2414 1010 2479 δέ
1051 2407 1199 2480 ὖοθεσιαν
1241 2413 1366 2499 Γρίννου
1380 2415 1413 2498 ³).

198 2519 345 2586 Phoenix
367 2517 503 2584 maritus
526 2513 695 2602 Epictetac
717 2518 795 2582 item
817 2509 931 2581 Grinni
958 2517 1043 2582 filius
1065 2516 1237 2602 adoptivus
1260 2507 1331 2586 esse
1353 2539 1417 2584 non

197 2623 329 2688 dicitur:
353 2640 453 2704 quare
475 2627 541 2704 aut,
565 2621 592 2685 si
614 2620 711 2687 unica
732 2620 802 2685 lilia
823 2620 974 2705 Epicteta
1003 2626 1067 2704 est,
1102 2621 1196 2686 tertio
1230 2621 1360 2687 saeculo
1382 2621 1416 2686 in

197 2726 306 2791 Thera
333 2723 435 2788 filium
468 2723 633 2807 arroganti
666 2723 749 2789 sicut
781 2723 922 2808 Spartae
955 2723 1187 2808 posterioribus
1218 2725 1417 2810 temporibus

196 2826 427 2894 hereditariam
442 2823 520 2894 licet
534 2832 626 2892 extra
641 2831 771 2909 gentem
787 2825 959 2909 collocare,
982 2832 1047 2909 ant,
1064 2825 1092 2890 si
1107 2845 1234 2897 sorores
1246 2826 1416 2912 Epictetac

198 2938 281 3016 sunt,
304 2929 371 2995 illic
393 2930 482 2995 velut
497 2929 631 2995 Athenis
648 2927 866 3013 compluribus
888 2926 1018 2994 filiabus
1033 2946 1132 3002 unum
1146 2927 1247 2994 filium
1262 2949 1417 3014 arrogare

196 3033 348 3101 heredem
371 3032 451 3099 satis
474 3038 533 3100 est.
576 3031 724 3115 Denique
746 3031 908 3098 mentione
937 3029 1069 3115 dignum
1090 3030 1315 3117 hereditarias,
1344 3055 1415 3099 eum

200 3138 285 3204 aliae
319 3136 470 3202 mulieres
509 3135 712 3210 matrimonio
750 3135 830 3208 inito
867 3134 976 3199 statim
1009 3134 1068 3200 illa
1101 3135 1256 3203 societate
1288 3138 1416 3222 propin-

198 3261 333 3327 quorum
356 3236 579 3323 excludantur,
601 3257 660 3324 per
682 3257 776 3316 omne
798 3236 1044 3322 vitactempus,
1068 3236 1166 3304 etiam
1189 3258 1261 3303 cum
1276 3239 1412 3324 maritis,

197 3363 402 3430 permanere:
431 3343 487 3405 καὶ
514 3338 553 3405 τὰ
580 3339 675 3405 τέκνα
703 3331 815 3423 adscita
837 3336 876 3403 ταὶ
899 3335 962 3425 μέν
976 3336 1110 3424 indilata,¹
1125 3342 1183 3418 ἕως
1204 3344 1259 3405 καὶ
1281 3339 1340 3406 ὑπὸ
1363 3342 1415 3409 τὸν

196 3447 318 3532 πατέρα
340 3445 408 3511 κτλ·
442 3443 687 3529 πορευέσθωσαν
708 3444 744 3507 δὲ
766 3444 821 3506 καὶ
843 3442 876 3506 αἱ
897 3437 1136 3528 ἐπίκλαροικαὶ
1158 3443 1187 3507 οἱ
1207 3442 1413 3523 ξυνοικοῦντες

197 3549 312 3628 αὐταῖς.

282 3670 424 3736 Achaico
447 3665 591 3733 Xuthiac
613 3666 706 3734 titulo
735 3671 880 3751 potestas
906 3664 1036 3731 filiabus
1058 3664 1103 3749 fit,
1132 3666 1160 3732 si
1180 3665 1241 3731 filii
1263 3687 1329 3735 nou
1351 3667 1416 3733 sint

195 3776 304 3859 futuri,
326 3771 484 3859 pecuniae
507 3790 548 3835 ex
569 3789 663 3836 sacro
685 3768 892 3854 repetendae.
983 3819 985 3822 .

198 3965 401 3978 ——-...-.

265 4103 269 4108 ⁸
285 4086 305 4155 1)
340 4084 449 4150 Mauso,
468 4078 598 4150 Spartal
613 4079 675 4150 1213
694 4078 792 4135 Mllller
804 4081 817 4134 l
831 4081 840 4134 l
852 4095 871 4149 p
885 4078 949 4149 1933
968 4078 1138 4148 Lachmann,
1153 4078 1238 4149 Spart
1250 4077 1418 4135 Staatsverf
1535 4142 1538 4150 1

197 4176 261 4247 1723
280 4174 380 4228 Iannet
397 4170 445 4239 773
464 4167 593 4236 Lipsius:
611 4168 732 4222 Bursian
749 4166 907 4223 Jahresbcr
924 4167 952 4221 Il
971 4166 1046 4223 1342.

213 4252 216 4256 ’
282 4259 305 4328 ²)
341 4254 432 4312 Roehl
448 4253 516 4310 IGA
535 4255 599 4326 4753
618 4256 679 4312 Mus
698 4251 779 4311 Rhen
791 4254 923 4322 XXXVI,
942 4253 1002 4307 612.
1055 4279 1057 4282 ·
1118 4275 1120 4278 v

285 4345 306 4419 ⁸)
342 4342 517 4401 01112448.
