3142 4950
706 326 746 391 65

119 534 293 621 propinqui
307 535 409 621 patris
425 534 689 602 administrarent
700 533 732 615 ¹).
775 530 916 597 Excludi
930 551 1061 617 prorsus
1078 533 1212 616 stirpem
1226 531 1339 596 matris

118 637 208 705 haud
229 646 317 704 reete
350 639 475 723 colligit
507 658 548 704 ex
577 658 615 704 ee
637 637 709 703 leco
731 636 853 702 Jannet
873 638 907 720 (p
930 636 1001 718 86),
1035 654 1107 699 cum
1129 634 1190 700 hcc
1213 639 1336 700 tantum

115 741 219 825 patris
242 741 375 826 stirpem
397 740 590 808 antecedere
612 745 747 805 constet.

114 844 235 909 Pittaci
262 844 317 909 lex
343 844 464 913 Lesbia
489 843 590 927 est²):
618 842 769 929 νέμεσθαι
797 841 919 928 πατέρα
947 844 1002 905 καὶ
1025 841 1151 927 μητέρα
1176 840 1233 927 τήν
1257 843 1337 927 ἴσην.

201 947 229 1010 Ε
251 947 344 1012 titulo
372 946 489 1012 Iudaei
511 945 848 1032 Panticapaeensis³):

162 1041 276 1134 ἀφίημι
297 1047 368 1126 τοὺς
390 1047 482 1135 ἐμοὺς
504 1047 633 1126 δούλους
655 1049 722 1114 κτλ·
747 1049 827 1113 ἔστω
843 1049 878 1112 δὲ
893 1047 996 1125 αὐτοῖς
1018 1046 1040 1133 τ)
1062 1047 1230 1135 παραμονν)
1246 1048 1339 1136 μέχρι

160 1159 217 1238 τῆς
238 1154 322 1238 ζωῆς
343 1146 432 1240 ἡμῶν
454 1145 530 1238 παρ’
562 1154 631 1240 ἐμοὶ
650 1156 706 1217 καὶ
726 1154 765 1239 τι)
788 1152 1055 1240 συνευαρεστούσῃ
1079 1155 1172 1240 μητρί
1194 1176 1253 1240 μου
1266 1175 1273 1189 ·
1287 1175 1294 1188 ·
1309 1173 1338 1220 ·.

164 1254 243 1320 ιτοίδι
275 1258 330 1320 καὶ
361 1254 463 1323 πάντα
496 1249 537 1333 ὥς
564 1254 586 1341 ἡ
616 1254 719 1343 μήτηρ
749 1278 808 1343 μου
842 1256 978 1335 διέταξεν
1010 1255 1252 1343 τελευτήσαντος
1280 1279 1339 1344 μου

161 1356 342 1444 ποιήσουσιν
363 1357 483 1443 πάντες,

120 1462 231 1527 nescio
254 1483 296 1529 an
329 1463 441 1528 matris
474 1461 638 1527 hereditas
667 1461 835 1527 efficiatur.
890 1462 1008 1528 Verum
1040 1482 1081 1528 ex
1113 1463 1183 1527 iure
1205 1461 1339 1528 Iudaico

120 1571 226 1630 mater
248 1566 357 1648 utique
373 1565 555 1631 excluditur
565 1566 606 1647 ⁴):
628 1585 729 1648 quare
751 1565 795 1631 ad
809 1565 952 1631 Iudaees
967 1566 1040 1631 illes
1056 1566 1217 1650 pertinere
1231 1566 1340 1631 Panti-

121 1667 350 1753 capaeensium
383 1669 434 1733 ius
467 1668 610 1752 videtur,
644 1670 707 1734 nisi
739 1670 822 1734 ferte
854 1670 966 1753 legata
998 1688 1227 1753 agnoscemus,
1257 1664 1341 1752 quae

119 1769 301 1835 hominibus
333 1770 516 1837 hereditate
548 1771 695 1857 legitima
727 1773 913 1838 carentibus
951 1775 1049 1838 etiam
1082 1771 1170 1858 apud
1200 1771 1341 1837 ludaeos

118 1873 283 1938 ascribere
304 1873 390 1939 licet.

343 2050 377 2120 3.
422 2046 536 2121 Num
562 2048 727 2121 marite
754 2073 874 2121 uxor
899 2048 1029 2121 heres
1057 2047 1129 2121 sit.

205 2182 341 2249 Athenis
362 2203 443 2248 uxor
464 2184 498 2248 in
520 2184 734 2250 hereditatem
761 2207 827 2251 non
854 2191 998 2270 vacatur,
1028 2185 1119 2250 cuius
1147 2185 1244 2249 rebus
1267 2183 1342 2249 dete

120 2286 186 2352 iam
208 2293 415 2371 prospectum
437 2287 489 2352 sit.
537 2288 660 2353 Romae
688 2308 770 2353 uxor
792 2298 881 2372 'quae
908 2289 942 2353 in
970 2309 1067 2353 manu
1096 2285 1214 2353 dicitur
1237 2286 1343 2367 mariti

122 2409 195 2456 eum
210 2409 341 2472 prorsus
356 2390 444 2455 filiae
459 2391 531 2455 lece
547 2391 717 2476 habeatur,
739 2412 805 2457 una
829 2412 899 2457 cum
923 2391 1034 2457 liberis
1048 2412 1113 2456 nen
1129 2389 1343 2476 emancipatis

120 2494 216 2558 heres
239 2500 297 2558 est.
341 2494 438 2578 Apud
467 2494 646 2560 Germanos
675 2515 747 2560 cum
776 2516 798 2560 a
826 2502 920 2580 patre
948 2495 1057 2560 dotem
1090 2495 1214 2561 nullam
1241 2500 1344 2578 nupta

121 2596 273 2681 accipiat,
307 2596 470 2662 hereditas
504 2597 665 2681 quaedam
687 2598 806 2664 viduae
829 2598 982 2682 obtingit,
1016 2618 1100 2680 quae
1134 2603 1242 2661 tamen
1271 2604 1345 2681 post

122 2700 191 2763 eius
213 2705 348 2764 mertem
370 2698 413 2765 ad
436 2701 633 2786 propinques
655 2701 764 2767 mariti
786 2701 915 2767 redeat:
938 2700 1017 2766 nihil
1040 2701 1138 2783 igitur
1153 2699 1272 2765 viduae
1295 2705 1345 2763 est

121 2802 184 2866 nisi
207 2821 283 2867 usus
307 2809 340 2867 et
361 2803 484 2868 fructus
506 2804 553 2868 rei
576 2824 635 2889 per
657 2805 859 2887 aliquantum
882 2802 1036 2888 temperis
1050 2803 1083 2884 ⁵).
1127 2802 1224 2887 Apud
1245 2800 1344 2867 Indos

122 2904 254 2970 viduam
294 2905 441 2989 primitus
481 2906 570 2971 alere
609 2907 831 2973 tantummode
864 2905 1002 2988 legitimi
1033 2912 1175 2988 tutores,
1209 2925 1344 2988 querum

123 3008 284 3073 collocare
307 3014 366 3091 est,
389 3028 449 3073 sua
471 3008 610 3091 pecunia
638 3008 817 3075 debebant:
851 3009 1009 3094 paulatim
1026 3015 1113 3074 ‘vere
1141 3007 1241 3072 vidua
1269 3007 1345 3071 filiis

123 3130 236 3176 carens
268 3110 303 3174 in
336 3102 549 3175 hereditatem
581 3117 683 3177 tetam
715 3113 911 3195 necabatur,
948 3131 1021 3176 cum
1048 3111 1176 3176 omnine
1205 3111 1345 3176 feminae

123 3211 382 3279 excluderentur.
427 3211 630 3295 Quamquam
667 3218 744 3279 item
777 3220 969 3280 testamento
987 3212 1096 3278 'debet
1118 3214 1225 3278 mariti
1248 3214 1346 3279 colla-

123 3316 279 3382 teralibus
302 3336 370 3381 rem
392 3316 583 3382 familiarem
608 3316 754 3383 reddere.

211 3418 359 3503 Erythris
371 3419 404 3483 in
420 3421 499 3485 urbe
510 3421 622 3487 Ionica
634 3421 739 3503 legem
757 3419 928 3484 ‘lhalheim
940 3419 1083 3503 statuit⁶)
1102 3422 1143 3487 ab
1154 3421 1345 3487 Atheniensi

124 3519 336 3606 differentem,
360 3543 424 3606 qua
446 3521 548 3587 vidua
570 3524 685 3589 marito
713 3523 808 3589 heres
836 3524 935 3588 etiam
962 3523 1046 3589 filies
1075 3524 1258 3589 antecedat.
1302 3526 1347 3589 At

125 3643 197 3689 cum
218 3625 301 3689 haec
322 3625 356 3689 in
377 3626 434 3691 illo
456 3626 548 3691 titulo
571 3628 736 3710 legantur:

217 3830 237 3899 1)
274 3835 299 3882 οἱ
317 3830 433 3899 μὲνγὰρ
452 3827 505 3883 ἀπὸ
525 3832 625 3899 μητρὸς
644 3839 776 3900 συγγενεῖς
795 3828 826 3884 οὐ
845 3831 1024 3899 τροςήκοντες
1041 3831 1075 3897 τῇ
1093 3833 1267 3897 κληρονομίᾳ.

214 3917 235 3986 ²)
272 3917 381 3987 Theon,
391 3919 543 3989 Progymn
562 3934 577 3972 c
598 3918 628 3971 13
647 3923 662 3982 ξ
680 3918 705 3972 8.

215 4006 236 4076 ⁵)
272 4004 478 4075 011121142.

273 4091 608 4160 Maimonides‚lt1isehne
627 4091 752 4161 Therah,
770 4093 815 4146 De
834 4091 927 4145 servis
945 4091 994 4159 VI,
1013 4094 1038 4145 4.

214 4093 226 4123 A

214 4095 237 4249 *i
269 4177 389 4233 Laband
407 4179 418 4231 l
435 4179 453 4233 l.

214 4268 235 4335 θ)
271 4266 380 4335 Antiqu
411 4263 457 4318 for
486 4283 505 4334 p
538 4268 569 4320 10
599 4267 704 4336 adn0t3
734 4265 938 4333 Dittenberger
969 4263 1028 4331 Syll
1057 4263 1109 4314 370
1138 4279 1159 4315 v
1188 4265 1251 4331 1503
1279 4263 1346 4316 vide

126 4368 252 4421 suprap
274 4356 314 4406 ll.

1179 4455 1195 4505 5
