3142 4950
101 523 287 590 testamenti
310 524 409 591 laotio
432 523 569 610 videtur,
592 523 729 608 nequid
751 522 935 588 detrimenti
958 523 1090 610 oapiaut
1111 523 1232 608 agnati.
1275 522 1319 588 At

16 636 17 639 ’
101 647 172 694 eum
195 627 383 695 innumero
406 628 638 713 obligationum
660 627 839 694 habeamus
868 646 939 693 eum
962 628 1056 695 Isaeo
1082 632 1318 708 testamentum,

101 732 181 816 qnid
203 733 270 798 ullo
292 739 390 819 paeto
412 732 447 799 id
469 732 577 800 fauere
599 732 727 798 leminis
741 731 841 801 liuere
855 751 1021 817 negamus,
1045 732 1073 798 si
1095 731 1223 817 quidem
1239 730 1318 796 nihil

101 856 184 921 opus
206 836 310 902 estin
333 835 449 902 ueteris
471 835 722 919 obligationibus
749 835 813 901 nisi
841 836 1019 902 auotoritas
1048 835 1185 902 tutoris?
1228 836 1319 900 Haeo

15 946 16 1029 γ
101 937 136 1004 iu
158 939 268 1022 legato
291 938 395 1005 deluit
409 938 603 1025 Archippae.
647 940 746 1005 Miror
768 937 855 1023 quod
870 939 991 1006 diserte
1006 939 1175 1005 Thalbeim
1198 938 1319 1005 soribat

15 1040 16 1089 ³
100 1043 197 1109 aliter
218 1063 287 1109 rem
309 1062 344 1109 se
367 1043 447 1110 alibi
468 1042 589 1109 habere
610 1049 708 1127 atque
730 1041 876 1128 Athenis,
903 1049 940 1108 ut
967 1043 1066 1108 lioeat
1093 1047 1319 1108 testamentum

101 1145 210 1212 faeere
244 1147 431 1214 mulieribus
464 1152 520 1212 aut
551 1146 743 1232 interposita
782 1153 839 1212 aut
879 1167 943 1213 nou
979 1146 1170 1232 interposita
1205 1144 1319 1210 tutoris

102 1251 307 1317 auetoritate'.
350 1251 419 1318 Nee
442 1250 526 1316 enim
549 1270 621 1316 earn
643 1250 779 1315 inveniri
807 1249 944 1335 primum
972 1249 1006 1315 in
1029 1249 1203 1332 Amorgino
1226 1247 1320 1312 titulo

102 1373 197 1438 quem
220 1374 319 1439 supra
341 1352 572 1440 descripsimus
584 1353 617 1430 ’λ
662 1351 769 1429 Quid?
792 1350 834 1418 de
856 1354 1052 1420 eonseeratis
1080 1371 1186 1418 nonne
1214 1350 1321 1433 agitur

102 1455 263 1523 aedibus?
295 1455 393 1541 Atqui
416 1455 543 1522 leminis
565 1474 617 1520 res
640 1474 830 1521 eonsecrare
858 1456 986 1521 omuino
1014 1456 1091 1522 lieet
1103 1454 1136 1540 ²).
1185 1451 1321 1519 Aeuedit

101 1559 190 1644 quod
205 1580 246 1625 ex
262 1560 381 1626 voeula
396 1559 452 1624 aul
466 1559 567 1625 verba
581 1555 664 1623 κατὰ
686 1557 741 1636 τὰς
756 1557 916 1645 διαθήκας
938 1559 981 1625 ad
995 1559 1079 1625 alius
1094 1563 1320 1624 testamentum

101 1661 274 1729 referenda
301 1662 451 1730 videntur
479 1662 562 1729 siout
588 1662 621 1727 iu
654 1668 847 1728 testamento
869 1661 1038 1749 Epictetae
1061 1668 1125 1728 est:
1159 1657 1320 1726 ἀπολείπω

101 1767 186 1831 κατὰ
206 1765 263 1832 τοὶν
283 1765 493 1853 γεγενημέναν
515 1786 566 1852 μοι
587 1757 648 1829 ὑπὸ
674 1765 729 1829 τοῦ
757 1757 867 1850 ἀνδρὸς
888 1764 1034 1842 Φοίνικος
1063 1762 1189 1830 ἐντολὰν
1220 1762 1320 1844 κτλῧ).

102 1867 231 1934 Deinde
253 1867 338 1952 quod
361 1868 395 1933 in
417 1868 590 1935 Calaurino
613 1867 709 1933 titulo
727 1868 879 1952 leguntur
900 1868 1032 1952 haeo⁴):

147 1988 198 2052 ἐπὶ
229 1988 328 2066 τοῖςδε
361 1981 502 2074 ἇνίθνγιιε
525 1981 750 2074 Ἀγασίιιρατις
779 1987 887 2053 Τεισία
913 1989 957 2074 τῷ
982 1987 1146 2053 Ποσειδᾶνι
1174 1979 1320 2071 ἀργυρίου

148 2089 294 2178 δραχμὰς
320 2090 500 2175 τριακοσίας
521 2084 598 2176 ὑπὲρ
621 2113 655 2156 τε
677 2089 733 2168 αὖς
755 2083 851 2168 αὐτᾶς
872 2093 1002 2156 καὶτοῦ
1025 2085 1134 2176 ἀνδρὸς
1154 2087 1321 2173 Σωφάνεος

147 2196 203 2259 καί
234 2195 288 2258 τοῦ
326 2193 393 2258 υἱοῦ
426 2191 624 2278 Σωσιφάνεος
661 2194 716 2257 καί
747 2194 804 2260 τᾶν
836 2193 1019 2280 θυγατέρων
1050 2192 1231 2278 Νικαγόρας
1266 2192 1321 2255 καί

141 2294 389 2383 Ἀριστοκλείας,
412 2291 487 2375 duee
509 2296 597 2363 θύειν
617 2297 661 2383 τῷ
683 2296 848 2363 Ποσειδᾶνι
869 2297 928 2362 κτλ

104 2421 169 2466 non
191 2400 298 2466 miuus
321 2401 428 2485 agitur
450 2399 491 2466 de
514 2400 766 2467 consecratione.
812 2401 960 2468 Ceterum
984 2407 1016 2466 et
1038 2400 1172 2466 maritus
1188 2404 1220 2464 et
1235 2397 1321 2462 tilius

106 2513 138 2570 et
160 2503 246 2570 duae
267 2504 355 2570 filiae
377 2511 453 2570 ante
480 2525 552 2570 eam
581 2506 670 2571 ouius
692 2511 920 2571 testamentum
948 2511 998 2572 est
1024 2504 1173 2571 videntur
1194 2503 1320 2568 mortui.

104 2608 187 2672 Tum
209 2606 243 2671 in
264 2607 481 2674 vetustissimo
503 2608 596 2674 titulo
618 2608 764 2674 Petelino
777 2607 817 2691 ll:

148 2724 229 2804 Θεὸς
251 2724 352 2811 Τύχα.
376 2726 495 2805 Σαῶτις
516 2727 619 2792 δίδωτι
634 2726 776 2814 Σικαινίᾳ
798 2726 853 2794 τὰν
868 2717 1001 2795 Ροιιιίαν
1017 2730 1072 2793 καί
1093 2726 1193 2792 τᾶλλα
1209 2725 1320 2793 πάντα.

149 2827 325 2916 δαμιωργὸς
336 2828 536 2917 Παραγόρας,
547 2830 688 2917 πρόξενοι
702 2831 836 2915 Μίνιιιυν,
847 2824 1088 2920 (Αρροξίδαμος,
1100 2825 1321 2917 Ἀγάθαρχος,

142 2926 288 3017 Ὀνατᾶς,
305 2925 492 3019 Ἐπίιιωρος

11 3065 12 3084 ’
107 3072 218 3119 omnes
241 3052 309 3117 lere
331 3051 418 3119 dooti
439 3053 719 3122 hominesSaotim
742 3054 894 3120 feminam
917 3055 1112 3137 existimant,
1135 3054 1191 3121 ubi
1206 3052 1321 3118 tutoris

11 3149 12 3196 Τ
104 3156 196 3222 nulla
216 3155 336 3220 mentio
358 3156 404 3239 fit,
427 3176 498 3221 oum
521 3157 730 3240 magistratus
757 3156 960 3222 nominentur
987 3156 1031 3222 ad
1059 3154 1321 3237 confirmandum,

11 3241 13 3314 ῗ
105 3264 142 3324 ut
164 3258 288 3344 opinor,
310 3263 547 3325 testamentum.
593 3259 791 3343 Dignissima
811 3258 893 3326 haee
914 3278 966 3324 res
989 3264 1038 3324 est
1060 3277 1157 3342 quam
1179 3256 1321 3325 animad-

93 3367 278 3452 ,uertamua
323 3359 524 3445 Quamquam
557 3362 663 3428 neutri
694 3381 811 3427 nomen
844 3361 946 3447 patris
973 3360 1105 3428 additur
1126 3380 1187 3426 neo
1208 3359 1322 3426 domus

107 3464 291 3530 aoeuratius
324 3462 534 3530 adumbratur
565 3466 613 3531 ita
640 3472 676 3530 ut
701 3465 735 3530 in
763 3464 856 3529 titulo
889 3470 1027 3530 tutorem
1060 3483 1186 3548 quoque
1218 3463 1322 3529 omitti

107 3566 268 3652 quispiam
283 3572 398 3651 putere
409 3567 521 3653 possit.
540 3651 544 3659 ³
566 3568 735 3654 (lopiosius
751 3567 931 3633 continetur
942 3573 1168 3646 testamentum
1182 3566 1322 3632 feminae

106 3669 254 3736 Theraeo
277 3670 370 3736 titulo
393 3671 483 3736 euius
505 3671 567 3737 hoo
589 3678 638 3737 est
659 3671 784 3736 initium
797 3670 835 3754 ⁶):

194 3910 214 3980 ¹)
250 3909 461 3980 Dittenberger,
480 3909 540 3981 Syll
557 3910 624 3980 4373
644 3909 688 3965 ofr
705 3927 724 3980 p
742 3910 785 3967 38.

191 3996 214 4067 ¹)
250 3996 317 4051 vide
335 4013 354 4065 p
371 3997 414 4050 21.

195 4084 217 4153 ⁸)
254 4081 343 4152 0111,
362 4081 438 4152 2448,
456 4098 474 4154 1,
492 4084 517 4138 9.

192 4171 216 4240 ⁴)
251 4169 316 4224 Keil
333 4169 362 4223 in
379 4169 470 4225 Philol
490 4169 578 4241 Suppl
595 4171 630 4239 11,
648 4169 698 4224 622
717 4194 750 4215 =
769 4169 871 4240 Cauer,
888 4170 989 4225 Deleot
1008 4171 1048 4224 19.

195 4255 217 4324 ⁶)
252 4254 412 4325 011‚4=
431 4255 522 4311 Roebl
540 4257 604 4313 IGA
624 4258 688 4327 5443
708 4255 751 4312 ofr
769 4273 893 4327 suprap
914 4259 954 4312 15.

195 4342 216 4412 ο)
252 4341 287 4396 Ol
305 4344 340 4412 ΙΙ,
358 4342 440 4412 2448;
460 4344 583 4413 explieat
601 4346 733 4414 Dareste,
756 4345 841 4400 Nouv
863 4359 952 4397 revue
971 4343 1027 4397 bist
1045 4344 1081 4397 de
1100 4343 1176 4398 droit
1194 4344 1241 4413 VI,
1260 4343 1320 4397 249.
