3142 4950
362 725 675 826 Sententiae
707 731 1106 825 controversae.

719 1075 744 1138 I.

15 1274 16 1281 ἵ
207 1193 304 1278 Apud
326 1193 539 1260 Themistium
566 1194 599 1258 in
623 1193 779 1260 Contione
802 1193 1003 1260 Constantini
1025 1216 1046 1280 p
1071 1195 1120 1277 19,
1142 1195 1198 1259 ubi
1221 1193 1338 1277 legitur

66 1330 71 1341 ·
124 1291 158 1359 δι’
184 1292 342 1381 ἀλλήλων,
363 1297 513 1383 primitus
536 1295 705 1382 διάλληλον
726 1296 760 1361 in
782 1297 929 1381 margine
950 1297 1011 1361 fuit
1032 1295 1219 1382 ascriptum.

631 1482 633 1487 ’
709 1485 751 1550 ΙΙ.

207 1606 244 1669 In
266 1606 430 1692 Euripidis
452 1606 633 1691 fragmento
655 1605 729 1691 (407
752 1603 841 1689 apud
863 1605 1059 1690 Nauokium)
1082 1611 1140 1671 aut
1154 1603 1337 1689 scripserim

13 1726 14 1777 Τ
123 1708 153 1772 τί
173 1715 233 1772 ποῦ
256 1718 401 1775 κατοικεῖ
420 1716 476 1776 aut
498 1709 526 1775 τί
546 1710 607 1774 ποῦ
629 1704 696 1773 ποτ)
721 1709 810 1775 οἰκεῖ.

701 1898 760 1963 ΙΠ.

208 2018 246 2082 In
268 2017 432 2103 Euripidis
454 2017 621 2084 Alcestide
644 2016 707 2082 333
728 2018 819 2100 lego:

250 2113 312 2187 οὔτ’
336 2122 417 2199 εἶδος
439 2121 521 2207 ἄλλη
545 2121 601 2185 σοῦ
621 2117 854 2205 ’κπρεπεστοίτη
877 2116 966 2204 γυνή.

701 2309 756 2376 IV.

205 2428 302 2515 Apud
325 2428 527 2514 Propertium
550 2430 587 2513 (1,
610 2430 641 2514 3,
666 2430 721 2508 16)
743 2428 915 2514 legendum
939 2435 1002 2495 cst:

249 2533 433 2616 Osculaque
456 2533 588 2599 admota
611 2553 737 2599 sumere
759 2534 884 2600 inerma
906 2553 1013 2598 manu.

709 2722 748 2788 V.

205 2843 301 2929 Apud
329 2842 455 2907 Livium
485 2841 582 2926 (XLI,
611 2842 662 2926 23,
694 2843 746 2926 18)
775 2843 866 2925 lego:
896 2861 1001 2925 „nuno
1030 2839 1213 2905 deliberare
1235 2837 1276 2904 de
1298 2858 1337 2904 eo

120 2946 337 3032 periculosum
360 2950 392 3011 et
413 2945 607 3010 inmaturum
630 2944 789 3010 videtur“.

701 3114 755 3179 VI.

206 3237 395 3320 Quicunque
417 3234 600 3321 philologus
628 3255 700 3301 esse
720 3234 771 3300 his
794 3234 991 3321 temporibus
1014 3233 1131 3318 studet,
1154 3234 1182 3298 is
1204 3252 1336 3318 operam

121 3349 219 3408 navet
241 3343 372 3426 linguae
395 3340 581 3407 Sanscritae
602 3359 737 3406 necesse
761 3345 820 3405 est.

722 3511 794 3576 VH.

207 3631 406 3698 Vocabulum
429 3630 730 3698 Palaeobactricum
752 3650 877 3715 gaesa
899 3651 972 3696 cum
995 3631 1121 3696 Graeco
1143 3629 1238 3716 χαίτη
1263 3651 1336 3696 con-

10 3757 11 3760 ’
121 3737 259 3802 tulerim.
