3142 4950
799 312 842 377 60

715 404 918 411 ———

210 521 353 588 defuncti
376 528 510 608 patruus
533 528 565 588 et
587 521 681 588 huius
702 520 789 587 filius
802 520 835 607 ¹).
879 519 1011 586 Addicit
1038 519 1158 587 archon
1181 519 1421 603 hereditariam,

212 624 309 692 otiam
332 626 360 691 si
382 632 481 693 antea
502 626 568 693 iam
590 625 647 692 alii
669 625 789 711 nupsit,
824 626 855 691 ei
876 624 931 709 qui
952 624 1118 711 proximus
1139 623 1268 691 uidetur
1289 642 1436 708 generez*

209 727 284 794 huic
306 735 414 795 tumen
438 728 554 795 cedere
576 728 617 795 de
638 729 709 795 iure
733 749 792 795 suo
820 729 906 814 licet,
939 729 1091 813 quofacto
1117 728 1282 814 proximus
1315 747 1426 793 rursus

209 833 363 916 sequitur.
407 833 587 919 Pauperem
609 832 791 916 quicunque
812 830 913 897 filiam
935 832 1108 917 renuntiat,
1131 838 1251 898 certam
1267 829 1426 916 pecuniae

209 955 366 1002 summam
400 937 430 1001 ei
471 935 594 1001 heredii
626 937 699 1002 loco
733 935 813 1002 dare
846 936 944 1003 debet
956 935 992 1014 ²).
1042 934 1093 1000 Ad
1126 934 1211 1002 filios
1244 931 1425 1018 ἐπικλήρου,

210 1038 405 1123 simulatque
427 1059 506 1105 suae
527 1040 699 1125 potestatis
722 1059 794 1106 esse
819 1045 1003 1125 coeperunt,
1024 1037 1191 1105 heredium
1214 1038 1267 1104 aui
1289 1036 1425 1110 uenit³).

208 1180 252 1190 —
274 1143 309 1207 Si
332 1142 382 1208 cui
404 1142 492 1208 filiae
518 1148 592 1208 sunt
621 1144 813 1230 complures,
844 1143 960 1229 parine
988 1162 1099 1209 omnes
1121 1142 1191 1208 Iure
1211 1146 1353 1222 utuntur,
1382 1159 1426 1205 au

211 1245 354 1311 maxima
375 1245 517 1328 reliquas
532 1246 717 1312 antecedit?
740 1246 913 1313 Oaillemer
924 1248 951 1327 ⁴)
967 1247 1062 1312 atteri
1075 1245 1163 1312 filiae
1179 1244 1287 1312 dotem
1302 1243 1425 1328 datum,

211 1346 425 1414 hereditatem
465 1349 559 1414 alteri
595 1354 696 1415 totam
729 1350 885 1433 obtigisse
921 1350 1097 1418 arbitratur
1133 1348 1266 1416 exordio
1301 1347 1427 1414 innisus

213 1450 370 1516 orationis
385 1469 482 1533 quam
497 1446 530 1515 in
545 1452 702 1537 Spudiam
717 1451 952 1520 Demosthenes
966 1452 1090 1520 habuit.
1134 1453 1204 1518 Hoc
1225 1450 1294 1517 fieri
1309 1456 1426 1537 potest,

211 1554 239 1620 si
254 1554 403 1620 maritum
418 1554 553 1622 alterius
567 1554 655 1621 filiae
669 1562 763 1641 pater
778 1555 839 1623 sibi
855 1557 1035 1640 arrogavit:
1057 1574 1167 1622 verum
1182 1562 1249 1619 tum
1262 1553 1427 1640 ἐπικληροι

209 1675 277 1722 non
299 1663 382 1742 sunt,
415 1679 488 1725 cum
515 1666 687 1741 arrogatus
714 1660 862 1726 omnihus
889 1659 923 1724 in
949 1660 1047 1725 rebus
1075 1658 1134 1724 filii
1161 1659 1234 1724 loco
1256 1658 1426 1724 habeatur.

211 1761 284 1828 Non
306 1761 396 1827 faeta
417 1764 623 1846 arrogatione
644 1782 756 1828 omues
778 1761 892 1828 eodem
914 1763 984 1828 iure
1005 1762 1093 1829 filiae
1108 1761 1191 1828 sicut
1205 1762 1263 1827 filii
1277 1766 1425 1826 utuntur:

208 1883 249 1931 ao
271 1864 390 1932 Suidas
413 1864 508 1932 dicit:
541 1865 709 1930 καλοῦνται
730 1865 766 1930 δὲ
788 1864 952 1951 ἐπικληροι
972 1865 1033 1932 κᾶν
1055 1863 1110 1931 δύο
1133 1863 1189 1930 ωσι
1209 1859 1271 1930 κᾶν
1291 1862 1425 1947 πλείους,

207 1967 397 2052 quibusoam
425 1971 532 2036 verbis
560 1974 740 2052 congruunt
761 1969 847 2034 Isaei
875 1968 939 2035 duo
967 1969 1031 2036 loci
1043 1969 1088 2050 ἢ..
1121 1968 1323 2036 Contrarium
1355 1985 1428 2032 esse

210 2071 314 2139 minus
336 2079 425 2139 recte
446 2071 654 2156 ThalheImI)
675 2072 709 2137 in
731 2072 818 2138 Isuei
840 2073 986 2139 oratIone
1008 2072 1136 2139 decima
1158 2073 1189 2154 (ξ
1201 2071 1234 2156 4)
1257 2069 1346 2156 dicit,
1368 2070 1426 2136 ubi

210 2196 276 2242 una
297 2177 392 2243 nobis
414 2175 583 2263 ἐπίκληρος
605 2183 761 2245 occurret.
806 2178 890 2245 Nam
913 2196 985 2242 cum
1007 2182 1159 2260 quattuor
1186 2174 1335 2261 primitus
1358 2193 1427 2258 ger·

209 2280 296 2346 mani
318 2280 447 2365 fuerint,
480 2280 566 2347 filius
593 2282 677 2347 alter
698 2280 731 2346 in
753 2280 914 2347 familiam
935 2281 1076 2347 alienam
1099 2285 1270 2362 arrogatus
1291 2298 1351 2343 sua
1373 2278 1427 2343 he·

209 2381 348 2448 reditate
371 2383 525 2468 privatur,
560 2384 698 2450 alteret
719 2384 788 2450 filia
810 2385 915 2451 altera
936 2390 1142 2470 praemature
1171 2381 1358 2466 moriuntur,
1391 2385 1428 2445 ut

209 2507 303 2553 uemo
326 2488 368 2553 sit
390 2494 554 2573 superstes
576 2489 639 2555 nisi
661 2489 757 2557 unica
778 2489 837 2555 illa
864 2488 943 2555 filia.
966 2526 1007 2537 -
1030 2487 1065 2553 Si
1091 2493 1221 2573 praeter
1248 2506 1345 2553 unam
1374 2484 1426 2550 he·
1449 2507 1452 2513 ·

209 2587 394 2655 redituriam
417 2588 590 2657 defunctae
611 2592 745 2659 alterius
760 2592 855 2658 liberi
870 2597 1009 2675 exstant,
1032 2590 1152 2657 cumin
1167 2589 1284 2675 stirpes
1300 2607 1428 2674 semper

209 2691 391 2779 dividatur,
429 2702 584 2777 quantum
621 2695 786 2781 superstiti
821 2695 919 2781 filiae,
958 2695 1148 2762 tantundem
1183 2692 1234 2760 bis
1270 2693 1428 2760 uniuersis

210 2796 357 2880 obtingit.

208 2987 411 2999 ——A-——u-——n—

301 3108 322 3178 ¹)
357 3109 422 3163 Isau
439 3108 490 3180 111,
507 3108 554 3163 74:
590 3107 608 3179 ἦ
631 3108 683 3178 γὰρ
706 3107 781 3180 ἡμῶν
799 3128 857 3165 τινα
874 3112 925 3165 τῶν
944 3109 1077 3180 ἐγγύτατα
1095 3113 1189 3188 γένους
1207 3087 1446 3174 ἐπιδικασάμενον

210 3197 277 3258 ἕξειν
302 3203 425 3264 γυναῖκα,
451 3196 469 3266 ἦ
497 3200 520 3250 εἰ
543 3200 635 3266 μηδεὶς
659 3196 733 3267 ἡμῶν
757 3199 882 3266 ἐβούλετο
905 3199 1055 3267 λαμβάνειν,
1077 3200 1129 3251 τῶν
1151 3199 1231 3252 θείων
1253 3191 1309 3248 τινοὶ
1328 3195 1428 3248 τούτων

210 3285 261 3336 τῶν
279 3283 480 3352 μαρτυρούντων
497 3287 548 3338 κτλ
567 3288 633 3348 ἕξειν
651 3286 749 3355 ταύτην
766 3294 888 3355 γυναῖκα.

296 3387 320 3458 ²)
357 3386 401 3443 cfr
419 3404 506 3459 supra
523 3405 542 3459 p
561 3389 603 3444 33.

301 3494 322 3562 ⁸)
357 3494 429 3548 Denr
446 3494 546 3563 XLVI
565 3494 612 3549 20:
648 3498 696 3548 καῖ
718 3496 765 3548 ἐὰν
788 3499 817 3558 ἐξ
840 3494 985 3563 ἐπικλήρου
1008 3513 1047 3560 τις
1069 3498 1177 3564 γένηται
1199 3499 1247 3549 καὶ
1264 3494 1321 3563 ἅμα
1338 3491 1426 3563 ηβήση

212 3582 255 3633 ἐπὶ
273 3582 366 3650 δίετες,
384 3588 493 3646 κρατεῖν
516 3583 568 3634 τῶν
589 3581 741 3650 χρημάτων,
764 3583 810 3634 τὸν
833 3586 863 3636 δὲ
880 3589 949 3636 σῖτον
968 3591 1069 3651 μετρεῖν
1087 3583 1119 3650 τῇ
1139 3587 1225 3652 μητρί.
1243 3612 1276 3623 -
1295 3581 1427 3637 Ceterum

211 3667 348 3722 metoecis
366 3666 588 3724 Atheniensibus
606 3668 650 3723 ius
668 3669 742 3723 idem
762 3673 833 3739 erat,
852 3670 954 3740 quihus
972 3677 1067 3725 tamen
1084 3673 1256 3738 πολέμαρχος
1267 3685 1325 3723 nou
1337 3670 1427 3723 minus

211 3771 295 3826 quam
312 3754 342 3809 in
359 3754 422 3810 aliIs
447 3754 533 3811 rebus
551 3756 615 3825 lege
633 3755 874 3813 constituebatur:
909 3755 952 3812 cfr
969 3757 1087 3827 Alciphr
1104 3757 1147 3827 Ep
1166 3757 1188 3828 1,
1207 3758 1237 3811 6:
1252 3758 1394 3824 Σωσθένης
1411 3752 1426 3808 ὁ

210 3842 343 3910 Στειριεὺς
369 3841 402 3911 ἦν
429 3860 473 3911 μοι
498 3843 587 3911 πατὴρ
607 3846 656 3895 καῖ
676 3846 814 3911 Δαμοφῖλη
833 3843 929 3913 μήτηρ,
956 3848 982 3897 οῖ
1003 3863 1037 3914 με
1059 3844 1190 3913 ἐγγυητὴν
1213 3847 1357 3911 ἐπίκληρον
1385 3847 1428 3896 ἐπὶ

212 3934 313 3983 παίδων
331 3926 421 3998 ἀρότῳ
438 3935 551 3999 γνησίων
568 3929 687 3998 συνηψοὶν
705 3948 747 3984 σοι
763 3932 845 4000 γάμῳ,
860 3934 918 3987 κτλ.
936 3937 985 3986 καί
1002 3951 1032 3985 σε
1049 3932 1181 4001 γράψεται
1198 3932 1273 3998 παρὰ
1285 3938 1340 3995 τοῖς
1352 3935 1428 3984 δικα-

210 4026 284 4083 σταῖς
301 4017 456 4081 κακώσεως.

295 4122 319 4191 ⁴)
353 4119 499 4177 Annuaire
518 4120 553 4175 de
571 4119 675 4176 l'assoc
692 4139 765 4192 pour
782 4124 946 4194 l’encourug
962 4125 1012 4194 IV,
1030 4124 1072 4179 33.

300 4227 321 4294 ὁ)
357 4226 421 4280 Isae
439 4225 516 4296 VIII,
534 4227 582 4297 403
602 4227 649 4297 Vl,
668 4230 710 4284 47.

298 4331 318 4401 ⁸)
352 4330 461 4402 Antiqu
480 4330 562 4401 torp
582 4332 615 4387 58
633 4334 723 4389 adnot
742 4338 765 4390 l.
