3142 4950
739 279 941 376 ΕΜ

322 487 361 551 In
381 487 549 574 Delphicis
572 488 857 555 manumissionum
879 488 981 555 titulis
1008 488 1168 555 interdurn
1190 489 1213 555 ii
1235 488 1450 573 nominantur,

235 611 257 655 a
279 589 395 672 quibus
417 611 544 658 servum
566 591 662 659 herus
685 591 776 658 emit:
807 612 847 658 ac
874 590 916 658 de
938 592 1059 662 ancilla
1081 594 1123 660 ab
1146 593 1274 660 homine
1296 592 1449 659 Locrensi

235 693 411 778 liberata¹)
433 695 585 778 legimus:

276 796 331 863 τάν
354 796 449 884 ἔλαβε
469 797 557 882 παρά
577 795 748 880 Λυκίσκας,

233 919 294 966 nec
315 900 410 967 aliter
431 900 464 966 in
485 900 579 966 titulo
603 900 820 987 Dryopaeib:

278 1001 315 1068 civ
337 1001 429 1082 αὐτὸς
451 1002 578 1089 ἐπρίατο
600 1001 687 1091 παρά
708 1003 836 1068 Φειδίου
858 1003 1016 1089 Δελφίδος.
1558 1076 1559 1097 φ

232 1107 282 1172 Ao
309 1125 349 1171 nc
382 1126 422 1172 ex
454 1106 505 1173 his
537 1105 667 1191 quidem
690 1106 819 1172 efficere
839 1107 916 1174 illas
936 1101 1087 1174 mulieres
1110 1108 1180 1174 sine
1201 1108 1316 1174 tutoris
1337 1113 1450 1175 aucto·

233 1210 330 1275 ritate
351 1208 537 1276 vendidisse
558 1211 644 1277 licet.
689 1211 810 1276 Contra
831 1210 914 1276 alius
936 1211 1048 1277 titulus
1058 1209 1083 1298 ³)
1105 1211 1252 1277 exhibet:

278 1311 295 1377 ὃ
319 1312 445 1399 ἐπρίατο
467 1313 555 1402 παρά
576 1313 726 1400 Χαίριδος
746 1315 802 1379 καί
822 1312 1009 1399 Εύκαρπιδα
1030 1312 1210 1398 Λεπαδέων,

231 1499 434 1509 .......--—-

267 1601 392 1668 ἐσχατιάς
408 1602 457 1652 καί
473 1598 522 1666 τῆς
549 1601 636 1672 οἰκίας
661 1601 709 1652 καί
734 1599 782 1652 τού
804 1597 905 1667 πύργου
930 1598 966 1652 ῶν
988 1602 1097 1666 ἐπρίατο
1117 1594 1241 1667 Ἀμφυλίς
1262 1599 1337 1665 παρά
1363 1601 1447 1650 Κλεο-

268 1691 336 1752 osas
362 1689 411 1755 τῆς
431 1688 570 1741 Κλεοδέου
596 1689 644 1738 καί
665 1691 758 1752 κυρίου
781 1685 954 1753 Κλεοφάνους
976 1685 1081 1739 πάντων
1101 1687 1135 1739 τά
1156 1684 1238 1754 ήμίση
1261 1690 1301 1749 οίς
1323 1682 1448 1753 γείτωνό

268 1778 340 1827 δεῖνα
358 1775 483 1841 δραχμῶν
501 1767 627 1840 ἀργυρίου
651 1776 815 1826 ἑπτακοσίων
838 1773 1004 1840 πεντήκοντα
1022 1774 1225 1842 συνεπαινούσης
1242 1774 1382 1836 Κλεοίέἐας
1400 1774 1448 1840 τῆς

267 1863 406 1916 Kasossos
424 1860 490 1928 μετά
509 1862 556 1913 τού
574 1864 667 1927 κυρίου
685 1860 867 1927 Κλεοφάνους.
1300 1860 1303 1865 ’

230 1950 264 2005 Id
292 1963 382 2018 genus
419 1945 606 2016 permissione
633 1962 695 2003 cum
723 1947 872 2015 possessio
900 1947 1027 2018 cedatur,
1053 1964 1110 2002 non
1137 1938 1236 2002 mirum
1262 1952 1307 2002 est
1335 1945 1447 2017 kyrium

232 2036 361 2092 inveniri.
397 2032 463 2089 Sine
480 2033 538 2089 ulla
554 2048 626 2088 vero
645 2032 821 2088 dubitatione
838 2032 943 2090 fiducia
961 2039 1006 2089 est
1022 2035 1051 2089 in
1063 2051 1083 2090 v
1097 2035 1131 2090 73
1144 2034 1308 2089 statuenda:
1441 2076 1446 2083 .

268 2118 391 2190 Πύθύτης
406 2119 568 2188 Ἡρακλείου
583 2115 766 2184 ’mancoseos
784 2116 891 2188 Ἀρχισ·
905 2141 911 2154 ·
925 2137 932 2152 ·
945 2137 952 2151 ·
965 2125 998 2175 ἐκ
1015 2121 1120 2186 πόλεως
1137 2122 1171 2190 ἧς
1187 2121 1279 2188 κύριος
1297 2121 1450 2188 Τιμόμαχος

268 2209 424 2278 Τιμομάχου
447 2206 628 2276 Ἡρακλείδης
655 2202 795 2271 ἀπέδ[ωκε
821 2208 870 2277 τήν
897 2211 1011 2272 alatari]
1029 2208 1046 2277 ἢ
1065 2208 1099 2277 ἦν
1115 2209 1245 2276 πρότερον
1261 2204 1396 2291 Εὐβούλου
1414 2206 1448 2276 ἣν
1558 2214 1559 2217 ’

267 2300 376 2364 ἐπρίατο
394 2297 512 2361 Πραξίας
528 2294 603 2361 παρά
620 2288 756 2360 Εὐβούλου
773 2295 846 2348 κατά
865 2294 968 2348 δάνειον
987 2291 1025 2348 ἐπ’
1046 2295 1175 2364 ἄρχοντος
1186 2295 1283 2363 Ἄρχου
1301 2298 1348 2348 τοῦ
1360 2289 1446 2348 Εύπο-
1483 2294 1487 2302 ’

268 2386 357 2451 ριῶνος
374 2382 392 2451 ή
411 2387 526 2450 γείτονες
537 2381 713 2448 Καλλιδάμας
724 2384 885 2435 Πανταλέων
898 2385 1021 2450 δραχμῶν
1034 2379 1160 2451 ἀργυρίου
1174 2383 1270 2435 ἑκατὸν
1282 2386 1447 2449 συνεφίοντος
1558 2386 1559 2393 ’

266 2473 335 2526 κατά
352 2471 382 2525 τὸ
401 2469 503 2524 δάνειον
520 2473 567 2524 καί
583 2469 825 2538 συνυμολογούντος
842 2473 1010 2539 Πυδοκρίτου
1024 2466 1209 2539 Ἀνδρογένους
1226 2476 1260 2525 ἐκ
1277 2471 1390 2536 πόλεως.

233 2560 271 2615 ad
289 2573 363 2629 quae
381 2556 571 2613 ποιουσῶν
589 2557 639 2612 98:

267 2646 284 2716 ή
304 2650 439 2714 τετίμηται
455 2638 592 2713 Φιλήμονι,
610 2646 743 2713 πρατῆρες
761 2644 887 2714 Φιλήμων
904 2648 1056 2712 Πασιφίλου,
1074 2648 1217 2712 Πασίφιλος
1236 2645 1394 2714 Φιλήμονος.

231 2734 264 2788 In
281 2749 302 2787 v
321 2733 354 2786 19
372 2747 426 2802 sqq
445 2745 584 2802 quaenam
601 2732 675 2787 ratio
695 2732 888 2787 concessionis
907 2732 953 2801 sit,
971 2748 1028 2787 non
1047 2737 1174 2787 constat:

265 2820 352 2873 πάντα
374 2818 424 2872 ὅσα
449 2822 553 2885 ἐπρίατο
576 2821 700 2885 Πασιφῶν
726 2820 797 2886 παρά
823 2820 944 2887 Minuci]
970 2817 1144 2883 Ἁναξικλέους
1170 2818 1375 2882 συνεπαινωσ[ῶν
1400 2818 1449 2885 τῆς

267 2911 360 2971 δεῖνος]
374 2901 539 2971 Ἀντιπάτρου
549 2907 703 2973 Θριαγσ[ίδος
720 2911 767 2961 καί
781 2909 831 2976 τῆς
849 2909 931 2969 δεῖνος
947 2907 992 2958 τού
1004 2909 1097 2970 δεῖνος]
1110 2908 1240 2969 Φυκαῐδος
1251 2908 1297 2958 καί
1307 2906 1352 2957 τού
1363 2908 1449 2972 κυρίου

266 2989 356 3061 αύτῶμ
371 2988 518 3060 Ἀντιχάρου
532 2986 693 3059 Εύπορίωνος
711 2995 836 3062 Θρυήσίου
845 2997 889 3047 καί
906 2992 1060 3060 Πλεοφοίνου
1069 2987 1404 3056 ΚλεοδέουΈλειύυωέως.

319 3080 373 3134 Est
398 3082 493 3134 autem
520 3077 619 3149 kyrios
646 3076 817 3136 Antiohares
845 3096 929 3135 nemo
956 3080 1029 3135 alius
1056 3096 1139 3150 qnam
1162 3081 1187 3135 is
1211 3080 1259 3150 qui
1285 3079 1352 3134 emit
1377 3079 1448 3148 ipse.

232 3167 361 3222 Adnotat
378 3167 501 3220 Daresto
519 3170 596 3220 recte
612 3151 660 3220 iile
678 3167 805 3236 quidem:
825 3167 903 3238 „ny
921 3167 1000 3222 avait
1018 3167 1092 3222 donc
1111 3167 1275 3236 opposition
1293 3165 1448 3233 d’interets,

233 3261 262 3312 ct
285 3271 321 3310 en
343 3253 434 3324 pareil
457 3269 514 3323 cas,
544 3253 573 3308 la
594 3253 633 3308 loi
655 3253 799 3325 franqaise
823 3255 904 3324 exige
929 3271 968 3308 un
990 3258 1087 3309 tuteur
1109 3253 1147 3308 ad
1172 3252 1236 3321 hoo,
1265 3252 1337 3306 mais
1360 3251 1388 3305 la
1410 3251 1449 3306 loi

232 3357 340 3413 greque
358 3356 394 3396 ne
411 3343 507 3410 paratt
533 3355 587 3409 pas
618 3338 703 3396 s'etre
729 3343 909 3410 preoccupes
936 3341 972 3395 de
999 3356 1032 3395 ce
1060 3341 1136 3396 oas“.
1171 3339 1346 3409 Quamquam
1372 3337 1448 3394 bona

232 3428 342 3484 dotalia
358 3428 460 3482 marito
487 3427 649 3482 abalienare
676 3441 712 3481 ne
739 3426 816 3497 apud
842 3426 969 3483 Graecos
997 3426 1110 3496 quidem
1139 3425 1206 3480 licet
1231 3425 1286 3479 nisi
1308 3425 1448 3494 permissu

232 3515 306 3570 illius
333 3514 437 3569 tutoris
465 3514 513 3584 qui
543 3513 722 3583 comparavit
748 3514 857 3570 dotem:
880 3513 924 3569 cfr
951 3529 1013 3567 cum
1040 3512 1076 3568 de
1102 3511 1188 3568 rebus
1206 3510 1369 3582 Amorginis
1388 3516 1447 3567 tum

233 3603 352 3658 maxime
371 3602 407 3656 de
424 3601 495 3671 ipsis
508 3600 605 3656 Teniis
623 3599 698 3655 infra
710 3618 729 3671 p
739 3600 772 3654 35
782 3614 845 3670 sqq.
875 3600 909 3655 In
922 3615 943 3653 v
954 3599 988 3653 39
1002 3615 1059 3653 non
1069 3599 1154 3655 modo
1164 3598 1323 3653 venditoris
1332 3599 1381 3669 qui
1392 3598 1449 3653 iam

232 3704 302 3745 suae
324 3688 478 3758 potestatis
497 3691 542 3743 est
559 3692 642 3757 pater
668 3686 839 3756 astipulatur
857 3685 991 3741 -huius
1012 3686 1086 3742 euim
1103 3690 1189 3741 antea
1211 3685 1315 3741 fundus
1338 3685 1393 3740 fuit
1414 3714 1448 3725 -

231 3791 331 3832 verum
350 3776 435 3832 etiam
451 3779 535 3845 pater
553 3773 702 3843 emptoris:

265 3866 405 3931 Καλλιφῶν
421 3862 562 3931 Κτήτωνος
576 3859 756 3929 Ἡρακλειδῶν
773 3860 847 3928 παρά
864 3860 960 3914 Φῶκου
979 3863 1123 3925 Φωκίωνος
1136 3862 1264 3928 Θρυησίου
1279 3864 1388 3928 ἐπρίατο
1401 3860 1449 3929 τήν

266 3951 381 4020 οἰκίανῆ
403 3951 436 4020 ήν
461 3949 587 4017 πρότερον
613 3951 656 4001 τού
682 3948 780 4015 πατρὸς
806 3943 883 4003 αὐτού
907 3949 1045 4019 Κτήτωνος
1068 3951 1269 4013 συνεπαινοῦντας
1290 3946 1386 4001 Φῶκου
1404 3952 1450 4000 καί

266 4039 404 4108 Κτήτωνος
421 4040 466 4089 τού
484 4036 583 4102 πατρὸς
601 4038 645 4088 τοῶ
662 4038 855 4102 Καλλιφῶντος.

232 4126 345 4183 Nodum
363 4122 496 4192 expedire
516 4121 663 4191 ecquidem
680 4137 800 4193 nequeo.
912 4189 914 4192 Ι

325 4212 346 4281 1)
382 4209 520 4266 Wesoher
538 4213 568 4264 et
584 4209 718 4281 Foucart,
735 4211 817 4267 Inscr
834 4211 870 4266 dc
887 4209 1013 4280 Delphos
1030 4211 1056 4265 N
1074 4211 1116 4264 65.

320 4297 343 4367 ²3)
379 4297 407 4352 ib
428 4295 485 4351 198.
504 4326 537 4336 --
558 4297 579 4365 ⁸)
598 4296 627 4354 ib
648 4298 704 4353 126.

303 4381 307 4390 s
