3142 4950
733 301 933 406 „a

224 523 256 582 et
278 510 399 582 ibidem
421 512 448 603 ξ
460 540 475 577 :.
489 513 641 601 παρόντος
664 515 742 603 αὐτῇ
765 523 821 582 τοῦ
843 516 920 598 υἱοῦ,

152 667 157 678 .
226 625 258 683 et
279 618 400 684 ibidem
427 633 467 706 g:
489 617 641 705 παρόντος
664 617 744 706 αὐτῇ
766 620 822 684 τοῦ
842 616 968 702 πατρός.

311 738 380 805 Nec
401 760 478 805 vero
501 738 545 804 ad
565 739 701 805 tutelam
722 738 823 804 hosce
846 738 1017 821 quicquam
1038 737 1199 822 pertinere
1222 757 1262 802 en
1285 758 1323 804 eo
1345 738 1441 804 Thal-

224 840 310 907 heim
331 843 400 908 iure
422 843 567 928 efficit¹)‚
590 831 762 927 quodnno
784 844 857 909 loco
880 842 977 908 amici
999 840 1129 907 definite
1154 839 1303 925 παρόντες
1330 843 1440 926 appel-

224 945 330 1010 lentur
342 945 378 1030 ²).
422 944 560 1031 Saepius
592 947 686 1013 nobis
718 945 753 1010 id
785 947 933 1013 occurrit.
977 943 1070 1022 Quod
1102 951 1211 1010 autem
1243 945 1321 1010 item
1354 943 1441 1028 apud

224 1048 365 1115 Boeotos
387 1049 514 1115 mulieri
535 1049 634 1116 etiam
657 1049 685 1116 si
715 1049 935 1117 consecrando
963 1067 1092 1114 servum
1124 1047 1339 1131 manumittat,
1372 1047 1441 1112 viro

227 1170 308 1238 opus
335 1171 416 1218 esse·
446 1153 540 1235 quasi
578 1153 738 1219 advocato
762 1159 888 1237 censet,
922 1157 1019 1218 aucta
1051 1151 1116 1216 iam
1148 1150 1314 1216 titulorum
1348 1151 1442 1235 copia

224 1276 288 1321 non
310 1256 413 1322 solum
436 1256 597 1322 interdum
619 1254 736 1322 adesse
758 1255 916 1339 quosdam
938 1255 1016 1320 viris
1039 1252 1324 1319 manumissoribus
1350 1252 1443 1318 doce-

223 1378 303 1443 mur,
326 1358 424 1424 sicut:

269 1459 286 1525 ό
309 1462 393 1529 δεῖνα
416 1460 501 1548 ῖαρός
515 1468 570 1528 τοῦ
581 1460 739 1547 Σαράπιος
759 1460 912 1547 παρόντος
927 1457 1011 1547 αὐτῷ
1026 1466 1080 1526 τοῦ
1096 1458 1225 1545 ἱεράχου
1241 1457 1440 1541 Ἀλίππουθ).

264 1562 464 1651 Ἀριστοκλῆς
485 1563 529 1651 κὴ
551 1564 762 1651 Νικόστρατος
783 1563 1022 1651 Καλλικράτους
1049 1563 1108 1629 κτλ
1129 1562 1291 1649 παριόντος
1309 1561 1442 1647 Ἀριστο-

267 1667 340 1732 κλεῖ
357 1675 402 1733 τῶ
424 1669 498 1733 coici
519 1666 749 1755 Καλλικράτιος
770 1667 814 1754 κὴ
837 1667 1132 1750 assuescant,

269 1785 359 1853 Θέων
379 1786 536 1874 Σωμηλου
558 1787 719 1874 Λεβαδεύς
741 1786 893 1874 παρόντος
915 1785 998 1874 αὐτῷ
1020 1794 1075 1853 τοῦ
1097 1788 1163 1852 υῖοῦ
1185 1785 1383 1874 Σόμωνος“);

224 1927 336 1971 veram
358 1909 456 1973 etiam
478 1909 616 1974 feminas
638 1908 799 1974 interdum
822 1930 894 1974 oum
915 1929 1009 1975 nemo
1030 1908 1117 1975 adsit
1138 1908 1373 1991 manumittere,
1396 1906 1443 1972 cfr

225 2016 293 2075 tum
315 2012 497 2078 mutilatam
518 2011 609 2077 illam
632 2011 761 2095 quidem
776 2011 864 2096 apud
879 2011 1067 2078 Larfeldum
1082 2011 1323 2096 inscriptionem
1335 2009 1358 2093 ὕ)
1373 2017 1440 2075 tum

224 2113 307 2180 duas
328 2115 511 2200 nuperrime
532 2115 654 2200 publici
675 2115 753 2181 iaris
776 2115 931 2197 factasb:

270 2255 277 2268 ·
295 2255 302 2269 ·
319 2253 350 2271 ··
375 2237 419 2320 ρὶς
436 2231 556 2301 ’Action
578 2226 762 2322 &scribonia
817 2244 850 2302 et

268 2336 369 2422 Μηλὶς
390 2329 568 2424 Φιλήμονος
587 2336 765 2425 ἀνατίθησι.

225 2457 275 2521 Ex
308 2455 358 2523 his
384 2457 512 2525 efficere
537 2460 650 2525 Perrot
683 2459 780 2526 debet
810 2460 844 2525 in
869 2459 1005 2526 Boeotia
1027 2459 1166 2526 saeculis
1198 2460 1244 2526 aO
1264 2460 1322 2526 111.
1347 2465 1379 2524 et
1400 2457 1443 2524 11.

226 2561 361 2626 tutelam
376 2562 564 2627 muliebrem
580 2563 707 2629 omnino
723 2584 789 2630 non
799 2564 914 2629 fuisse:
938 2583 1132 2647 quamquam
1142 2563 1317 2629 Nicaretae
1331 2563 1443 2628 titulus

227 2664 372 2730 eiusdem
393 2666 546 2751 temporis
567 2670 668 2734 rerba
680 2667 826 2733 exhibet:
848 2666 1000 2752 παρόντος
1021 2665 1101 2752 αὐτῇ
1122 2665 1231 2751 κυρίου
1252 2666 1306 2729 τοῦ
1322 2662 1441 2751 ἀνδρός.

226 2767 312 2850 Ergo
335 2770 506 2853 probatum
534 2778 582 2835 est
609 2791 650 2835 ne
679 2770 766 2855 apud
789 2771 928 2837 Boeotos
956 2769 1086 2853 quidem
1112 2769 1252 2835 feminae
1278 2768 1312 2832 in
1335 2788 1443 2834 manu-

226 2871 432 2938 missionibus
454 2879 511 2938 aut
531 2880 637 2939 tutore
659 2893 740 2958 opus
763 2892 835 2938 esse
857 2880 914 2939 aut
935 2881 1100 2956 tamquam
1122 2873 1292 2939 advocato.

314 3009 379 3075 Sed
401 3016 437 3075 ut
459 3009 502 3075 ad
517 3011 693 3097 Delphicas
715 3012 893 3108 reseratio
916 3017 1105 3094 revertatur,
1128 3010 1298 3076 mulierum
1311 3009 1441 3075 illarum

228 3112 330 3177 maior
352 3133 424 3179 esse
445 3120 591 3199 potestas
619 3103 741 3197 agendi
765 3114 957 3181 Thalheimo
984 3114 1112 3181 ridetur
1139 3119 1271 3200 propter
1296 3119 1443 3178 auctores

228 3216 398 3301 secundos,
421 3218 475 3300 qui
496 3218 709 3284 bebaeoteres
730 3218 856 3285 Graece
888 3218 1044 3285 nominati
1076 3218 1110 3282 in
1135 3236 1200 3282 una
1222 3236 1349 3299 quaque
1370 3234 1443 3282 ren-

229 3317 350 3384 ditione
373 3340 467 3386 sacra
489 3321 615 3405 legibus
637 3322 854 3403 requiruntur:
887 3324 1001 3388 horum
1035 3341 1106 3388 esse
1134 3327 1246 3387 contra
1268 3319 1443 3402 quemlibet

228 3420 403 3489 defendere
425 3423 608 3489 libertatem
630 3425 725 3509 servi,
748 3425 846 3490 etiam
870 3432 982 3491 contra
1003 3431 1141 3491 tutorem
1163 3423 1305 3489 mulieris
1326 3423 1442 3509 ipsum.

227 3523 376 3591 Ceterum
409 3527 491 3593 sicut
525 3533 621 3592 antea
646 3527 713 3592 iam
735 3527 908 3594 Oaillemer
941 3535 1105 3595 auctorem
1138 3526 1315 3593 secundum
1343 3546 1442 3612 saepe
1507 3565 1509 3570 ·

226 3646 323 3693 unum
346 3630 546 3713 eundemque
569 3651 608 3696 ao
630 3636 767 3696 tutorem
791 3631 1019 3697 animadvertit
1040 3633 1129 3698 relat
1150 3631 1300 3695 maritum
1315 3631 1356 3694 W
1371 3632 1397 3694 c
1414 3629 1441 3693 F

313 3908 337 3974 ¹)
372 3906 481 3974 Antiqu
498 3902 596 3960 forans
614 3921 633 3974 p
651 3906 668 3960 9
687 3906 775 3962 adnot
795 3912 864 3962 extr.

311 3996 333 4066 ²)
367 3991 492 4063 Larfeld‚
512 3991 572 4065 Syll
589 3994 664 4048 inser
681 3994 775 4049 Boeot
793 3995 836 4049 31.

315 4085 339 4151 ⁸)
371 4077 509 4150 Ἀθήναιον
526 4080 576 4151 ΙΧ,
594 4081 654 4137 358.

312 4172 336 4322 ’λ
369 4166 488 4329 biblios}
504 4170 635 4312 gebr'lchte
652 4256 768 4327 Leipzig
787 4254 934 4312 Gesellscb
952 4251 971 4310 d
989 4256 1065 4312 Wiss
1086 4257 1160 4312 1854.

314 4346 335 4416 ⁰)
370 4347 403 4400 55
422 4347 453 4402 B.
472 4371 504 4388 ³-
523 4348 546 4414 ⁷)
565 4346 627 4401 Bull
646 4346 682 4400 de
701 4360 767 4400 corr
783 4344 839 4398 bell
860 4344 935 4415 1884,
953 4345 986 4397 61
1006 4350 1036 4398 et
1053 4345 1095 4400 57.
