3142 4950
841 310 881 375 32

756 401 957 410 Μ

252 539 292 585 ac
313 524 428 605 postea
450 527 543 606 pater
565 522 650 587 ultro
674 519 715 586 dc
738 541 798 587 sua
822 541 857 586 re
881 520 1034 586 familiari
1049 521 1173 604 aliquid
1194 522 1360 606 adiecit¹):
1383 522 1471 605 quod

251 621 507 689 additamentum
535 624 654 690 mansit
683 622 807 706 desque
835 623 925 690 facta
956 636 1019 708 est,
1053 645 1126 691 cum
1147 624 1235 692 illius
1257 625 1352 711 pretii
1375 645 1469 691 nemo

252 725 318 791 iam
333 726 530 793 Graecorum
545 727 751 793 meminisset.
785 729 823 791 In
837 727 1017 793 Homericis
1032 727 1228 796 carminibus
1248 749 1313 795 vox
1333 727 1374 794 τοὶ
1396 729 1470 794 ἕδνα

251 834 283 893 et
309 827 351 895 de
379 830 473 897 donis
500 831 586 917 patri
615 830 700 896 datis
728 830 931 916 usurpatur²)
961 837 994 896 et
1015 830 1058 895 de
1080 830 1156 897 dote
1178 851 1282 897 novae
1304 837 1425 916 nuptae
1448 852 1469 896 a

251 937 346 1018 patre
367 932 588 1020 constitutah:
622 938 829 1018 praetcreaa
851 932 958 1017 procis
980 932 1123 1017 virgines
1145 934 1294 1020 accipere
1314 935 1388 1000 ἕδνα
1402 934 1468 1019 ple-

252 1055 385 1119 rumque
407 1036 597 1124 videntur‘).
642 1036 854 1122 Constituitur
881 1044 989 1102 autem
1019 1036 1077 1103 dos
1105 1037 1197 1115 uxori
1226 1043 1258 1102 ct
1279 1037 1469 1103 hereditatis

251 1140 334 1223 loco,
357 1159 441 1222 quae
463 1140 593 1223 quidem
615 1140 657 1206 ab
679 1139 833 1211 intestato
856 1139 898 1205 ad
915 1140 1065 1207 mulieres
1080 1161 1144 1207 non
1158 1141 1326 1226 pervenire
1342 1141 1467 1228 solet⁵),

254 1248 287 1308 ct
308 1241 352 1308 ad
374 1262 474 1309 onera
495 1243 690 1309 matrimonii
712 1242 941 1327 sustinenda⁶).
1031 1331 1033 1333 ‚

335 1345 472 1412 Athenis
494 1345 602 1413 dotem
624 1347 751 1430 legibus
773 1347 894 1431 requiri
921 1384 963 1395 —
990 1346 1026 1412 id
1048 1347 1134 1431 quod
1155 1347 1347 1432 Desjardins
1369 1355 1469 1431 negat

252 1485 292 1497 -
316 1448 513 1516 contendunt
534 1451 665 1516 Bunscn
687 1455 720 1516 ct
742 1449 826 1516 Gide
848 1457 880 1515 ct
894 1450 1116 1530 Barrillcauh.
1161 1451 1222 1517 Hic
1242 1452 1346 1517 tribus
1361 1451 1470 1517 causis

250 1552 360 1636 utitur,
383 1571 517 1635 quarum
541 1552 626 1618 duae
649 1552 691 1618 ad
706 1573 758 1620 res
773 1554 1014 1620 Atheniensium
1030 1554 1207 1638 pertinent:
1229 1560 1344 1621 neutra
1359 1560 1470 1621 tamen

254 1655 419 1741 probatur.
464 1655 592 1723 Solonis
618 1655 733 1722 laudat
761 1656 867 1738 legem
895 1676 960 1738 qua
988 1656 1110 1722 archon
1133 1658 1283 1723 iubeatur
1304 1657 1470 1742 proximos

230 1761 373 1842 'genere
394 1759 524 1845 publice
545 1765 581 1824 ut
603 1757 715 1824 dotent
736 1758 836 1823 filiam
860 1761 973 1825 orbam
1001 1779 1126 1843 cogere.
1170 1760 1316 1826 Fortiore
1343 1760 1471 1826 ratione

344 1964 366 2036 ¹)
401 1962 445 2018 cfr
462 1964 535 2019 Hom
553 1964 577 2018 il
595 1964 645 2033 IX,
665 1964 728 2017 147:

255 2083 259 2095 ·
285 2055 356 2105 τοίων
377 2051 411 2120 ἥν
432 2048 456 2104 κ’
482 2054 592 2119 ἐδέλησι
614 2054 693 2119 φίλην
710 2046 838 2104 ἀνάεδνον
856 2047 964 2119 ἀγέσθω

284 2139 351 2206 πρὸς
370 2143 443 2191 οίαον
460 2141 582 2206 Πηλῆος·
602 2138 654 2206 ἐγώ
673 2134 697 2191 δ’
719 2142 761 2191 ἐπί
779 2142 866 2206 μείλια
884 2139 959 2192 δώσω

286 2225 376 2279 πολλοὶ
394 2221 457 2293 μάλ’
477 2220 534 2277 ὅσσ’
557 2223 629 2276 οὔπω
648 2242 686 2288 τις
705 2227 736 2292 ἑῇ
755 2228 876 2278 ἐπέδωκε
893 2228 1014 2293 θυγατρί.

339 2311 362 2382 ²)
396 2312 513 2381 IlXVI,
534 2311 596 2366 178:

289 2399 321 2464 ὅς
339 2394 365 2465 ῥ’
386 2394 538 2466 ἀναφανδὸν
556 2397 631 2452 ὄπυιε
649 2401 737 2467 πορὼν
755 2396 893 2468 ἀπερείσια
911 2404 983 2453 ἕδνα.

252 2487 295 2544 Od
312 2488 389 2557 VIII,
407 2486 472 2541 318:

287 2576 377 2629 εἰσόκε
395 2593 439 2643 μοι
457 2575 531 2642 μάλα
547 2575 633 2628 πάντα
651 2576 739 2644 πατὴρ
758 2571 891 2628 ἀποδώσει
910 2578 996 2628 ἔεδνα.

340 2662 362 2731 ³)
399 2661 443 2717 Od
460 2663 482 2731 Ι,
500 2662 551 2715 277
570 2664 599 2716 ct
615 2662 652 2732 11,
672 2663 735 2716 196:

286 2754 311 2802 ct
328 2752 358 2803 δὲ
375 2749 462 2817 γάμον
479 2749 597 2812 τεύξουσι
614 2754 661 2803 καί
680 2745 848 2816 ἀρτυνέουσιν
866 2752 953 2803 ἔεδνα.

336 2837 359 2904 ⁴)
395 2836 439 2892 Od
455 2836 505 2906 VI,
524 2837 589 2891 159:

286 2923 318 2988 ὅς
334 2928 369 2977 κέ
386 2920 409 2976 σ’
431 2927 542 2977 ἐέδνοισι
560 2928 650 2992 βρίσας
669 2919 765 2976 οἶκόνδ’
786 2919 929 2991 ἀγάγηται.

250 3010 294 3066 cfr
312 3011 424 3066 omnino
442 3010 548 3066 Jannet
565 3010 657 3079 p108.

338 3098 359 3167 ⁵)
393 3097 502 3166 Antiqu
520 3095 567 3151 for
583 3114 601 3166 p
620 3098 662 3151 66.

340 3185 360 3253 ⁶)
395 3182 482 3253 Apud
504 3184 661 3240 Germanos
684 3187 791 3254 nuptas
808 3183 876 3238 nihil
894 3184 979 3239 datur
1002 3182 1204 3252 aparentibus
1225 3184 1279 3239 nisi
1295 3183 1471 3241 vestimenta
1568 3205 1569 3248 ν

250 3278 280 3328 ct
298 3271 424 3341 supellex
443 3270 590 3341 quaedam,
608 3287 670 3326 curn
688 3271 806 3326 maritus
824 3271 851 3325 ei
869 3272 964 3326 dotem
982 3271 1044 3325 sive
1058 3270 1182 3339 nuptiale
1195 3286 1294 3326 munus
1304 3272 1472 3342 constituat,
1568 3257 1569 3310 l

251 3364 284 3415 ut
304 3360 409 3414 viduae
432 3358 519 3414 rebus
546 3358 584 3413 sit
605 3361 789 3427 prospectum
813 3355 978 3427 (Labandp
1005 3357 1072 3427 182).
1122 3357 1182 3413 Nec
1210 3357 1301 3412 minus
1319 3359 1420 3413 marito
1438 3358 1471 3413 in
1568 3385 1569 3420 ν

252 3446 437 3503 Thalmudico
455 3446 516 3500 iure
536 3444 652 3501 donatio
670 3450 790 3514 propter
812 3445 926 3514 nuptias
943 3445 1099 3514 imperatur
1117 3452 1202 3531 apin}
1224 3448 1257 3499 ut
1276 3445 1472 3515 prospiciatur

251 3553 370 3608 viduae:
395 3565 504 3606 summa
522 3549 633 3619 legibus
653 3548 828 3620 designatur,
851 3565 935 3619 quarn
953 3555 1048 3605 tamen
1066 3564 1202 3619 superare
1219 3549 1293 3604 licet.
1328 3549 1367 3603 Et
1383 3550 1470 3619 virgo
1568 3529 1569 3570 ³

252 3640 365 3710 quidem
391 3638 455 3708 plus
483 3652 568 3707 quam
594 3636 682 3691 vidua
709 3637 814 3706 accipit
839 3641 994 3707 propterea
1021 3637 1097 3707 quod
1119 3635 1184 3691 huic
1201 3639 1384 3705 prospectum
1403 3651 1471 3692 esse

251 3728 308 3782 iam
335 3729 451 3795 oportet
482 3739 500 3779 a
526 3723 622 3793 priore
648 3724 760 3779 marito·
798 3723 931 3780 Ceterum
957 3738 993 3779 nc
1020 3724 1095 3780 dotis
1124 3721 1236 3793 quidem
1262 3739 1365 3778 nomen
1391 3726 1472 3793 apud
1568 3775 1569 3790 ,

252 3815 376 3870 ludaeos
401 3811 558 3867 inauditum
585 3815 629 3866 est
655 3811 786 3882 (hanah,
812 3811 908 3881 Legisl
934 3817 982 3867 σίν
1004 3812 1043 3866 du
1066 3810 1201 3865 Talmud:
1219 3811 1312 3867 Journ
1335 3812 1386 3866 des
1409 3810 1472 3866 Sav
1568 3857 1569 3874 ι

252 3901 341 3969 1874).
363 3898 459 3965 Quod
485 3898 692 3954 matrimonium
719 3898 814 3969 aliqua
841 3915 873 3955 re
900 3898 1009 3954 mulieri
1035 3914 1053 3953 a
1079 3897 1181 3953 marito
1211 3898 1280 3954 (iata
1301 3898 1406 3953 iustum
1427 3896 1470 3968 fit,
1568 3891 1569 3906 ¹

250 3987 401 4058 emptionis
418 3987 553 4057 reliquias
571 3986 760 4056 agnoscimus.
1495 3992 1499 3997 ’
1568 3983 1569 3996 ’

264 4069 268 4077 ’
336 4074 358 4144 ⁷)
393 4074 516 4142 Bursen,
538 4073 583 4128 De
600 4072 645 4127 iur
661 4072 750 4128 hercd
767 4073 872 4128 Athen.
908 4073 980 4129 Gidc
1005 4090 1023 4142 p
1044 4072 1094 4126 91:
1122 4072 1217 4141 „Pour
1238 4072 1332 4127 mieux
1351 4087 1470 4128 assurcr

249 4160 466 4220 l’individualite
490 4160 526 4216 de
549 4159 578 4215 la
601 4158 703 4216 femme
721 4151 835 4230 marite,
862 4161 890 4217 la
907 4161 947 4216 loi
963 4174 1088 4230 grecque
1106 4160 1145 4214 lui
1163 4161 1277 4230 assigna
1295 4176 1350 4220 unc
1368 4161 1419 4215 dot
1438 4165 1469 4215 et
1568 4157 1569 4230 ξ

249 4248 382 4321 organise
400 4248 427 4302 le
445 4247 551 4318 regine
572 4248 652 4303 dotal
669 4263 742 4304 avec
759 4263 814 4303 une
833 4263 950 4318 sagense
969 4249 1040 4302 etc.“
1080 4248 1246 4316 Barrilleau‚
1264 4247 1307 4303 Dc
1319 4247 1347 4303 la
1360 4248 1468 4302 constit
1568 4257 1569 4282 ί

250 4340 286 4394 de
305 4335 428 4391 dotdans
445 4334 518 4391 l’anc
536 4322 642 4392 Greci:
669 4335 754 4391 Nouv
771 4351 825 4389 rev
842 4334 899 4390 hist
917 4339 950 4389 de
969 4334 1045 4395 droit
1062 4335 1125 4404 Vll,
1145 4334 1203 4388 153.
