3142 4950
737 308 858 406 59—w

147 510 243 598 4244,
254 513 354 581 4248:
377 535 449 581 cum
470 516 558 583 filiae
572 518 683 601 proles
697 515 856 583 infinitam
870 517 991 585 haheat
1005 516 1146 602 sepulcri
1159 523 1364 603 potestatem,

147 616 272 699 prolem
293 616 352 683 filii
375 619 504 685 excludi
525 619 655 703 diserte,
684 621 744 687 etsi
772 642 831 706 pro
860 621 1001 687 moribus
1028 620 1157 687 illorum
1185 626 1363 705 temporum

148 718 419 789 Graecoromanis
440 723 597 790 beneficio
620 724 761 806 quodam
790 723 941 791 damnum
970 723 1036 790 filio
1064 725 1269 792 resarciatur.
1313 723 1364 789 De

144 822 248 906 patris
269 824 449 892 hereditate
470 827 637 894 hactenus.

232 928 399 995 Maternae
420 949 472 995 res
494 930 623 997 filiabus
646 930 735 1016 apud
755 929 856 997 Indos
877 930 1019 997 nondum
1046 932 1155 1017 nuptis
1177 930 1362 1015 obtingunt:

147 1050 232 1113 quae
253 1038 362 1098 tamen
384 1033 438 1099 lex
459 1040 575 1118 postea
597 1032 835 1116 quodammodo
863 1033 1033 1100 immutata
1060 1041 1118 1101 est.
1162 1034 1231 1101 Nec
1258 1032 1363 1098 simile

149 1135 322 1217 quicquam
345 1142 402 1202 aut
423 1136 511 1222 apud
522 1138 685 1203 Romanos
707 1136 866 1222 reperitur
888 1142 945 1202 aut
959 1136 1048 1222 apud
1063 1136 1251 1203 Germanos.
1295 1136 1364 1203 Nec

146 1236 180 1300 in
203 1237 343 1305 Graecia
364 1239 517 1306 universa
543 1246 709 1307 maternae
735 1241 804 1306 aha
830 1240 956 1306 ratione
983 1261 1024 1306 ac
1051 1247 1208 1324 paternae
1236 1259 1289 1307 res
1312 1239 1365 1304 he·

147 1338 288 1406 reditate
309 1342 446 1426 relinqui
468 1341 627 1408 videntur.
669 1345 708 1409 In
737 1344 830 1409 titulo
858 1342 972 1409 ludaei
994 1344 1274 1430 Panticapaeensi,
1307 1342 1363 1410 ubi

147 1443 284 1510 Chresto
312 1445 508 1511 manumittit
533 1446 648 1514 Niciae
676 1444 844 1512 cuiusdam
875 1444 974 1512 vidua
988 1447 1026 1531 ¹),
1059 1445 1196 1513 heredes
1225 1444 1364 1511 feminae

146 1545 297 1613 dicuntur
323 1546 500 1633 Iphiclides
533 1556 566 1614 et
592 1549 796 1634 Heliconiae,
830 1569 911 1633 quos
943 1549 1063 1617 liberos
1095 1548 1264 1616 habendos
1296 1548 1364 1615 veri

146 1650 253 1716 simile
276 1657 339 1717 est:
373 1671 450 1718 ecce
471 1653 689 1719 testimonium
711 1654 859 1737 alterum,
888 1673 951 1735 quo
973 1653 1186 1739 Pantieapaei
1207 1652 1308 1718 filiam
1331 1659 1363 1717 et

147 1750 249 1817 lilium
281 1775 346 1819 una
378 1755 411 1819 in
444 1753 657 1821 hereditatem
690 1755 801 1822 vocari
835 1756 1072 1841 comprobatur.
1116 1758 1269 1821 Attamen
1301 1754 1363 1820 hoc

146 1856 278 1922 minime
299 1857 424 1923 Iudaici
447 1857 526 1925 iuris
548 1864 606 1924 est.

538 2066 588 2131 Dc
609 2065 741 2133 filiabus
762 2066 976 2133 hereditariis.

233 2201 268 2266 Si
291 2202 343 2268 cui
364 2221 469 2286 neque
490 2202 548 2267 lilii
571 2211 646 2269 sunt
666 2204 803 2288 legitimi
825 2224 886 2270 nec
908 2226 928 2269 a
951 2202 1111 2269 defunctis
1132 2201 1208 2267 filiis
1219 2208 1363 2288 nepotes,

148 2322 166 2368 e
199 2304 272 2387 lege
305 2304 370 2370 iam
396 2306 542 2373 Mesatea
574 2306 789 2373 hereditatem
821 2306 910 2372 filiae
943 2315 1195 2390 consequuntur:
1229 2325 1364 2389 quarum

147 2405 278 2490 quidem
300 2409 421 2474 nubere
443 2410 530 2476 intra
552 2417 680 2495 gentem
703 2417 761 2496 est,
786 2416 821 2477 ut
844 2416 1050 2477 conservetur
1072 2429 1125 2476 res
1146 2408 1318 2474 familiaris
1330 2408 1364 2489 ²).

146 2510 185 2573 In
207 2510 346 2577 Graecia
375 2512 417 2578 de
442 2512 511 2580 filia
539 2513 736 2581 hereditaria
748 2513 773 2600 ⁸)
803 2514 998 2599 praecipuae
1025 2512 1116 2596 leges
1144 2513 1286 2598 scriptae
1312 2532 1364 2577 ex-

147 2618 244 2697 stant,
267 2619 303 2679 ut
324 2614 469 2683 familiae
490 2637 607 2682 nomen
629 2637 670 2683 ne
692 2617 927 2701 exstinguatur.
972 2616 1175 2699 Quamquam
1196 2616 1284 2680 filiae
1299 2636 1363 2681 non

146 2716 240 2801 ipsae
261 2715 397 2784 heredes
420 2738 501 2804 esse,
525 2719 671 2787 seduna
693 2741 765 2786 cum
787 2719 921 2786 heredio
943 2720 1098 2806 proximis
1120 2739 1240 2803 genere
1260 2719 1364 2783 obtin·

147 2838 225 2901 gere
246 2819 403 2887 videntur.

232 2920 368 3009 Athenis
395 2945 646 3031 propinquorum
675 2945 822 3013 ordinem
849 2946 949 3012 fuisse
977 2945 1050 3029 lege
1077 2945 1273 3010 destinatum
1295 2943 1364 3009 veri

132 3043 267 3109 simile:
291 3052 324 3111 et
346 3067 418 3112 curn
440 3049 524 3114 inter
545 3049 688 3115 uterinos
709 3069 751 3115 ne
772 3069 832 3135 per
855 3049 996 3114 Atticam
1018 3048 1148 3131 quidem
1170 3048 1274 3131 legem
1298 3068 1364 3113 ma·

147 3146 298 3214 trimouia
325 3148 394 3215 fieri
422 3150 530 3236 liceat,
563 3152 681 3218 aetatis
711 3158 820 3218 antem
849 3151 974 3217 ratione
1008 3150 1121 3217 hahita
1149 3150 1269 3217 sororis
1296 3149 1363 3216 filio

146 3251 202 3315 vix
224 3251 422 3320 hereditaria
444 3275 584 3339 unquam
607 3257 723 3322 nnbat:
747 3256 870 3342 primus
893 3260 943 3320 est
957 3252 1100 3320 defuncti
1115 3253 1216 3321 frater
1227 3254 1265 3337 ⁴),
1288 3254 1364 3319 dein

149 3352 245 3419 huius
267 3355 376 3424 fratris
398 3357 532 3444 filius⁶),
565 3365 631 3424 tum
662 3359 753 3425 cuius
781 3364 885 3424 mater
913 3378 1004 3424 soror
1032 3364 1081 3423 est
1110 3356 1264 3441 defuncti,
1298 3363 1364 3421 tum

148 3526 350 3542 ..u-Q

238 3630 259 3698 ¹)
295 3631 501 3705 011121143:
520 3636 628 3704 Χρήοτη
646 3635 711 3704 γονή
730 3633 860 3703 πρότερον
877 3637 957 3688 Νικία
975 3636 1022 3686 τοῦ
1040 3634 1126 3687 Σώτα.

236 3716 259 3786 ²)
293 3719 365 3775 Num
382 3722 499 3792 XXVII,
520 3725 601 3777 l—ll
622 3728 652 3778 et
669 3722 800 3779 XXXVI.

239 3805 261 3874 8)
297 3822 369 3876 quae
393 3810 553 3879 appellatur
570 3805 724 3879 ἐπίκληρος,
742 3814 912 3879 ἐπικληρῖτις,
930 3812 1091 3877 πατροῦχος,
1110 3807 1277 3876 eutrapetus.

235 3893 259 3962 ⁴)
294 3894 358 3950 Isae
388 3896 415 3950 X
442 3898 471 3951 5:
498 3893 680 3967 Ἀριστομένης
706 3900 758 3966 γὰρ
785 3894 904 3965 ἀδελφὸς
931 3897 966 3950 ὢν
988 3900 1091 3950 ἐκείνου
1114 3899 1161 3948 τοῦ
1184 3892 1363 3964 Ἀριστάρχου,

147 3977 225 4045 ὄντος
249 3975 321 4048 αὐτῷ
345 3986 416 4046 υἱέος
437 3987 485 4036 καί
507 3986 650 4053 θυγατρός,
673 3980 812 4053 ἀμελήσας
835 3984 853 4053 ἡ
878 3979 959 4048 αὐτὸς
983 3987 1053 4052 ἔχειν
1075 3983 1092 4052 ἦ
1112 3984 1148 4051 τῷ
1166 3988 1217 4036 υἱεῖ
1232 3984 1299 4050 μετὰ
1317 3983 1363 4037 τοῦ

146 4068 251 4138 κλήρου
270 4069 475 4123 ἐπιδικάσασθαι
491 4074 549 4125 κτλ.

237 4157 258 4225 ⁶)
294 4156 358 4210 Isae
375 4156 411 4226 Χ,
430 4158 446 4210 5
465 4161 494 4211 et
513 4158 560 4230 111,
583 4159 630 4214 72:
667 4154 723 4212 ἀλλ’
750 4157 812 4213 οὔτε
834 4161 939 4226 ἐγένετο
958 4154 1010 4211 οὔτ’
1031 4161 1094 4227 ἔστι,
1112 4159 1147 4226 μή
1166 4162 1312 4225 γενομένων
1331 4158 1363 4226 δή

147 4248 248 4298 παίδων
262 4248 375 4313 γνησίων
394 4247 494 4312 ἐκείνῳ,
513 4249 645 4314 ἐγγυτέρω
663 4243 738 4315 ἡμῶν
756 4242 820 4300 οὐδὲ
838 4250 888 4310 εἷς·
908 4241 1026 4311 ἀδελφὸς
1045 4245 1161 4312 μὲνγὰρ
1180 4240 1230 4297 οὐκ
1247 4244 1280 4311 ἦν
1293 4239 1364 4312 αὐτῷ

147 4327 205 4385 οὐδ’
227 4327 346 4399 ἀδελφοῦ
365 4335 466 4400 παῖδες,
486 4336 518 4385 ἐκ
537 4337 567 4385 δὲ
584 4337 633 4402 τῆς
652 4329 772 4404 ἀδελφῆς
790 4332 866 4403 ἡμεῖς
883 4333 951 4402 ἦμεν
970 4328 1050 4400 αὐτῷ.
