3142 4950
745 291 948 390 ΛΕ.
996 308 997 313 ‘

239 500 369 567 domum
392 500 538 567 condidit
550 500 584 586 ¹),
607 507 639 567 et
661 501 851 585 Dionysium
873 502 964 569 illum
987 502 1264 588 Syracusanorum
1284 505 1456 587 tyrannum

238 602 280 669 de
302 623 365 687 quc
387 605 543 671 Aelianus
556 604 595 688 ’μ
1291 606 1292 609 ’

283 725 315 792 ἐν
337 724 392 813 pta
413 723 517 812 ήμίρᾳ
540 724 595 790 δύο
610 732 760 810 γυναῖκας
774 723 914 812 ἠγάγετο
928 725 1085 806 Διονύσιος
1099 727 1222 813 Δωρίδα
1243 725 1300 812 τὴν
1314 725 1457 812 Λοκρίδα

282 831 338 893 καὶ
354 825 585 915 Ἀριστομάχην
605 827 663 914 την
680 827 863 915 Ἱππαρίνου
884 830 997 909 Δίωνος
1019 833 1055 897 δὲ
1076 830 1225 918 ἀδελφήν.

239 949 337 1034 Apud
362 949 576 1015 Athenienses
606 949 703 1015 etiam
736 950 819 1034 legis
840 951 874 1016 in
910 972 1035 1020 summa
1071 953 1208 1039 penuria
1235 951 1353 1018 civium
1380 949 1456 1015 olim

240 1053 329 1119 latae
351 1052 452 1119 verba
473 1051 554 1120 baec
570 1053 694 1137 cuuth:
716 1063 828 1140 γαμεῖν
850 1056 905 1141 μὲν
927 1054 1024 1142 dorric
1044 1056 1125 1143 μίαν,
1146 1055 1400 1121 παιδοποιεῖσθαι
1421 1054 1457 1117 δὲ

238 1158 294 1220 καὶ
316 1155 348 1235 ἐξ
370 1154 486 1242 ἑτέρας.
530 1156 584 1222 Fit
606 1163 713 1223 autem
728 1157 864 1224 Athenis
879 1159 1116 1225 matrimonium
1138 1166 1196 1226 aut
1217 1158 1362 1243 engyesi,
1384 1177 1456 1223 cum

238 1261 351 1346 kyrios
373 1259 540 1326 mulierem
561 1261 622 1326 rite
654 1261 723 1327 viro
745 1261 935 1347 plerumque
962 1262 1038 1328 dote
1066 1262 1241 1329 constituta
1270 1262 1410 1328 collocat
1420 1259 1454 1343 ⁴),

239 1370 296 1430 aut
319 1363 507 1450 epidicasia,
536 1384 608 1429 cum
631 1363 861 1430 hereditariam
894 1365 995 1431 filiam
1023 1364 1143 1432 archon
1164 1364 1311 1451 proximo
1333 1360 1458 1429 addicit

240 1485 360 1550 genere
372 1466 409 1547 ὖ).
452 1467 647 1550 Legitimum
668 1466 769 1532 filium
793 1488 866 1534 cum
887 1468 949 1534 viri
971 1467 1058 1534 docti
1080 1468 1239 1534 neminem
1261 1464 1369 1533 adhuc
1391 1483 1457 1531 cre-

241 1568 382 1636 diderint
403 1569 466 1636 nisi
482 1591 521 1636 ex
537 1576 640 1636 matre
655 1576 766 1636 natum
781 1577 815 1637 et
837 1571 907 1638 cive
920 1570 944 1656 ⁶)
961 1571 1069 1638 etrite
1085 1571 1255 1655 collocata,
1270 1571 1455 1636 Buermann

238 1673 360 1758 primns
381 1672 608 1739 Demosthenis
637 1679 669 1739 et
690 1674 775 1741 Isaci
804 1674 1005 1741 orationibus
1032 1674 1146 1761 usus⁷)
1172 1673 1308 1739 Athenis
1329 1671 1456 1754 legibus

239 1775 472 1842 demonstravit
494 1776 742 1843 concubinatum
765 1777 928 1861 quendam
949 1778 996 1844 ita
1018 1777 1178 1843 sancitum
1200 1776 1300 1842 fuisse
1321 1781 1358 1840 ut
1377 1772 1454 1856 legi·

238 1879 308 1945 timi
331 1879 424 1945 liberi
441 1878 625 1945 evaderent.
670 1879 854 1963 Sequuntur
864 1880 1006 1965 Philippi
1018 1879 1042 1965 ⁸)
1058 1887 1090 1945 et
1101 1879 1227 1946 Gilbert
1238 1879 1280 1963 9)ι
1295 1880 1456 1963 repugnat

239 1983 411 2049 Oaillemer
424 1981 473 2067 ¹⁰),
497 1982 551 2066 qui
573 1984 656 2049 bene
671 1982 832 2068 depromit
846 1983 927 2050 illud
942 1982 1170 2050 Demosthenis
1184 1981 1238 2068 ¹¹):
1253 1981 1308 2058 τὰς
1323 1979 1453 2066 μὲνγὰρ

239 2084 362 2171 ἑταίρας
383 2082 499 2171 ἡδονῆς
532 2082 616 2152 ἕνεκ’
653 2087 778 2173 ἔχομεν,
813 2086 869 2164 τοὶς
896 2088 932 2152 δὲ
959 2085 1127 2165 παλλακὰς
1152 2087 1208 2171 τῆς
1229 2077 1310 2150 καθ’
1334 2082 1455 2169 ἡμέραν

239 2188 416 2275 θεραπείας,
433 2190 488 2254 τοῦ
510 2187 662 2275 σώματος,
684 2188 739 2269 τὰς
761 2191 797 2255 δὲ
811 2200 959 2276 γυναῖκας
980 2191 1035 2256 τοῦ
1056 2189 1302 2255 παιδοποιεῖσδαι
1323 2185 1456 2272 γνησίως

240 2293 376 2358 καὶτῶν
399 2293 485 2359 ἔνδον
506 2291 635 2378 φύλακα
655 2293 766 2379 πιστὴν
789 2294 882 2378 ἔχειν.
926 2295 977 2359 Ab
999 2313 1100 2360 uxore
1121 2293 1220 2377 igitur
1242 2292 1313 2356 sola
1334 2290 1454 2357 liberos

238 2395 401 2481 legitimos
422 2396 596 2481 procreari.
641 2393 726 2473 Quid
748 2395 880 2462 tandem
900 2396 1048 2463 hocloco
1064 2396 1189 2462 illiviri
1211 2394 1299 2461 docti
1313 2391 1455 2458 facient?

238 2501 450 2566 Differentiae
465 2500 620 2584 quidnam
634 2501 718 2567 inter
732 2521 865 2567 uxorem
880 2501 1096 2568 intercederet
1111 2506 1143 2566 et
1157 2499 1317 2585 pelicem?
1335 2498 1456 2563 Contra

239 2604 387 2671 eucrbis
408 2603 649 2671 Demosthenis:
683 2604 734 2668 ἐπὶ
765 2604 916 2691 παλλακῇ
950 2602 989 2689 ἤν
1010 2598 1048 2670 dv
1077 2602 1128 2669 ἐπ’
1153 2602 1331 2688 ἐλευθέροις
1351 2600 1455 2665 παισίν

326 2931 347 3003 ¹)
382 2929 440 2985 Her
466 2929 502 3000 V,
528 2931 576 2984 40:
604 2929 670 2998 μετοί
694 2933 726 2983 δὲ
752 2936 882 2997 γυναῖκας
908 2931 978 2997 ἔχων
1004 2929 1052 2982 δύο
1079 2924 1152 2992 διξοὶς
1174 2933 1257 2991 ἱστίας
1280 2930 1352 2980 οἴκεε
1373 2927 1455 2978 ποιῶν

237 3016 361 3087 οὐδαμῶς
378 3018 567 3086 Σπαρτιητικά.

323 3107 346 3175 ’)
382 3105 435 3162 VH
452 3104 529 3175 XIII,
550 3105 590 3160 10.

325 3194 347 3261 ⁸)
382 3192 458 3262 Diog
476 3193 564 3247 Lacrt
581 3192 617 3261 11,
636 3191 678 3247 26.

324 3281 347 3349 ⁴)
384 3278 505 3349 Spartae
524 3293 637 3349 qnoque
656 3279 794 3350 engyesin
812 3278 901 3335 fuisse
920 3279 989 3334 dicit
1005 3279 1112 3335 Jannet
1128 3293 1147 3346 p
1167 3275 1225 3331 106.

326 3368 346 3436 ⁶)
382 3367 456 3422 Tum
483 3366 620 3437 eugyesiu
651 3365 689 3421 ab
723 3367 823 3421 eodem
855 3366 992 3422 archonte
1027 3363 1133 3420 factam
1166 3360 1288 3418 Gilberti
1313 3358 1456 3415 sententia
1565 3337 1566 3392 ἶ

238 3458 284 3511 est
300 3472 319 3525 p
339 3454 386 3510 181
407 3455 497 3509 adnot
514 3453 539 3509 3.

325 3542 346 3612 ⁰)
382 3540 492 3596 Civitas
522 3540 620 3595 uxoris
648 3545 717 3612 post
747 3539 862 3596 Solonis
894 3539 1004 3595 demum
1033 3543 1163 3608 tempora
1193 3535 1307 3590 videtur
1335 3532 1452 3603 requiri:
1565 3531 1566 3538 ’

234 3630 378 3700 Megacles
397 3628 510 3698 quidem
533 3627 613 3683 duxit
635 3625 839 3682 Alcmaeonida
866 3626 951 3682 filiam
979 3625 1105 3697 Sicyonii
1128 3622 1281 3680 Clisthenis
1299 3619 1454 3677 Athenien·
1565 3623 1566 3632 ¹

239 3718 310 3773 sium
331 3717 401 3785 iure,
420 3714 464 3774 cfr
481 3715 540 3769 Her
557 3714 610 3783 VI,
632 3714 694 3768 130:
730 3714 767 3782 τῷ
788 3718 818 3767 δὲ
836 3710 1014 3783 Ἀλκμαίωνος
1031 3714 1170 3782 Μεγακλεῖ
1190 3712 1278 3778 ἐγγυῶ
1300 3712 1385 3761 παῖδα
1406 3707 1455 3775 την

241 3803 308 3873 ἐμὴν
320 3798 475 3872 Ἀγαρίστην
492 3801 594 3868 νόμοισι
611 3808 676 3854 τοῖσι
689 3796 848 3870 Ἀθηναίων.

323 3893 346 3960 ⁷)
381 3889 473 3946 Jahrb
499 3887 515 3942 f
538 3887 630 3943 Philol
658 3889 734 3957 (uov
757 3888 821 3959 Ser)
850 3890 899 3945 IX.
922 3889 1019 3959 Suppl.
1047 3918 1073 3927 ·
1099 3885 1144 3942 cfr
1164 3885 1237 3941 Denn
1260 3900 1294 3939 or
1312 3883 1346 3937 39
1369 3882 1455 3949 dato,

236 3980 301 4035 Isae
319 3994 354 4033 or
370 3977 387 4032 3
406 3977 430 4031 du
447 3976 472 4030 6.

324 4067 346 4134 ο)
381 4064 473 4120 Jahrb
491 4060 610 4119 fPhilcl
630 4063 705 4135 1879,
721 4081 741 4134 p
759 4066 819 4120 413.

325 4152 348 4221 ⁹)
382 4151 455 4220 llp
476 4151 533 4207 182.

312 4240 346 4309 ¹⁰)
382 4238 559 4310 Daremberg
576 4239 601 4294 da
618 4240 723 4311 Sagliq
741 4241 809 4296 Dict
827 4241 878 4295 des
896 4240 995 4310 antiqu
1013 4254 1032 4307 p
1053 4238 1127 4292 1434.

313 4327 347 4400 ιι)
383 4328 622 4393 chaer5122.
