3142 4950
702 304 744 370 25

113 518 178 583 115
200 517 263 603 (ofr
285 516 370 603 120),
392 516 476 583 filios
498 517 539 580 W
560 517 587 581 A
608 516 635 579 F
657 515 709 582 58.
758 514 854 580 Addo
881 520 1007 600 patrem
1029 514 1082 593 (W
1103 513 1131 577 Aa
1151 513 1178 576 F
1199 511 1274 592 259)
1297 519 1329 578 et

110 606 247 686 fratrem
262 621 413 706 (Curtius,
428 619 540 686 Aneod
555 619 623 700 32).
666 620 820 684 Attamen
841 637 882 683 ne
891 616 1062 684 Thalheim
1076 616 1206 700 quidem
1220 622 1330 682 noster

111 723 195 789 satis
218 725 311 790 nobis
332 723 421 791 faoit.
464 723 605 789 Primum
628 721 713 788 enim
745 723 922 788 bebaooter
953 727 1121 807 praestare
1147 727 1260 787 eontra
1281 727 1329 786 tu·

110 832 216 891 torem
239 826 381 910 legitime
402 825 686 892 manumissionem
701 844 765 890 uon
779 831 896 909 potest,
919 844 992 890 oum
1014 823 1134 910 optimo
1149 823 1218 889 iure
1232 829 1329 908 tutor,

111 929 206 994 ouius
238 928 309 1014 ipse
341 929 463 1012 nogotii
494 935 607 996 auotor
639 948 704 994 non
731 927 839 1012 fuerit,
871 927 906 993 id
927 928 1096 1013 improbet.
1152 928 1330 1012 Calymnae

109 1031 232 1097 deinde
254 1032 287 1097 in
308 1033 416 1098 insula
436 1032 557 1098 Dorioa
578 1032 729 1097 mulieres
757 1030 843 1097 duae
869 1031 939 1097 sine
966 1037 1071 1096 tutore
1092 1031 1330 1115 manumittunt,

111 1154 186 1199 oum
209 1135 351 1201 auctoris
372 1134 505 1202 secundi
527 1135 617 1201 nulla
638 1135 758 1200 mentio
779 1133 855 1200 fiat:

156 1253 257 1341 Νείκη
278 1253 480 1342 Μενεκράτου
502 1249 674 1342 ἀνεκήρυξε
695 1255 752 1341 τήν
774 1255 853 1322 ίδίαν
873 1254 941 1320 κτλ.
950 1254 971 1332 ¹)

157 1357 210 1422 Κλ
241 1358 391 1445 Στεφανώ
419 1355 613 1446 Ἐπικτήτου
646 1354 869 1445 ἠλευθέρωσεν
901 1357 961 1422 κτλ
994 1358 1050 1421 καὶ
1084 1350 1238 1424 ἀπέλυσεν
1269 1364 1331 1425 τῶν

159 1457 413 1548 ἀπελευθερικῶν
435 1464 562 1529 δικαίων
569 1462 601 1542 ²).

109 1564 196 1630 Tum
228 1565 387 1633 Dodonae
419 1567 553 1634 alterius
588 1566 711 1632 saeouli
747 1564 840 1631 initio
881 1584 946 1630 non
982 1564 1085 1629 solum
1120 1564 1248 1630 titulum
1282 1582 1331 1629 re-

111 1668 258 1753 perimus
279 1669 379 1737 huno:

158 1786 319 1868 Πολυξένου
341 1788 451 1877 Τάγην
473 1789 637 1875 ἀνατίθητι
657 1795 700 1876 τῷ
722 1789 758 1854 Δί
778 1790 834 1853 καὶ
855 1785 1005 1875 χρήματα
1017 1788 1042 1873 ³)

113 1915 149 1974 et
170 1909 293 1977 similos
315 1910 418 1995 huius,
441 1910 499 1977 sed
522 1911 620 1977 etiam
642 1911 742 1978 alium
755 1911 795 1992 ‘)³

158 2011 325 2078 Ματυδίκα
356 2011 530 2093 Πολύξενον
564 2013 724 2099 ἐξεπρίατο
758 2006 821 2077 ἀπὸ
848 2011 1025 2099 Δαμοξὲνας
1065 2012 1140 2097 μνᾶς
1173 2003 1330 2097 ἀργυρίου,

159 2115 310 2203 μάρτυρες
332 2119 362 2183 ol
383 2119 482 2185 δεῖναε

111 2238 171 2302 ubi
193 2239 357 2320 negotium
379 2239 564 2323 agnoscitur
596 2258 707 2305 verum
740 2237 824 2302 inter
845 2236 935 2322 ipsas
963 2235 1046 2301 duas
1067 2235 1204 2302 feminas
1226 2243 1331 2302 ratum

114 2339 254 2405 factum:
277 2341 505 2426 Dittenbergor
528 2340 719 2427 lamptaolmt
745 2346 833 2406 reote
861 2338 958 2405 vertit
984 2339 1046 2405 ita:
1074 2338 1200 2423 „pretio
1226 2328 1331 2406 soluto

6 2456 7 2463 ’
111 2443 286 2530 liberare“‚
310 2466 349 2511 ao
368 2444 553 2512 laudandus
575 2445 630 2511 ille
658 2451 707 2511 est
735 2441 823 2530 apud
846 2440 1095 2508 Demosthenem
1122 2441 1249 2524 loeusll
1277 2442 1333 2508 ubi

114 2545 201 2613 alius
222 2547 428 2615 Atheniensis
460 2570 519 2635 pro
553 2548 714 2634 mancipio
748 2567 820 2613 oum
852 2545 930 2612 hero
962 2545 1138 2630 paoisoitur
1167 2546 1333 2632 'Apollinis
1363 2577 1365 2582 ·

114 2649 267 2736 Delphini
289 2651 435 2737 partibus
457 2653 625 2740 susceptis.
673 2653 713 2717 In
739 2650 860 2718 tabulis
887 2649 1027 2733 deniquo
1048 2648 1159 2715 Teniis
1189 2648 1332 2715 eiusdem

6 2801 7 2804 ,
114 2754 235 2820 aetatis
263 2755 325 2821 etsi
351 2761 473 2822 tutores
501 2775 573 2823 esso
594 2756 699 2822 solent
726 2753 825 2819 iidem
857 2754 1015 2839 πρατῆρες
1041 2752 1077 2817 id
1105 2759 1154 2819 est
1182 2759 1331 2819 auctores

117 2856 252 2923 seoundi
273 2859 362 2924 volnt
383 2859 417 2924 in
431 2880 452 2925 ν
466 2857 508 2922 22
523 2879 594 2944 sqq,
615 2857 773 2944 reperitur
794 2863 904 2923 tamen
919 2856 1003 2922 alius
1017 2861 1147 2941 praeter
1169 2861 1334 2922 auctorem

116 2960 294 3026 seeundum
316 2966 416 3028 tutor:
441 2962 489 3028 ofr
509 2983 530 3028 v
553 2963 625 3027 111.

202 3097 297 3176 Quod
318 3119 377 3165 nos
399 3097 441 3163 de
467 3097 753 3164 manumissionum
784 3097 888 3162 titulis
919 3096 1078 3161 universis
1105 3095 1271 3181 sentimus,
1299 3096 1334 3162 id

117 3208 216 3268 antea
237 3203 303 3268 iam
325 3202 447 3268 Paulus
474 3201 615 3267 Foueart
642 3201 684 3267 de
711 3200 789 3267 solis
815 3199 899 3264 dixit
918 3198 1086 3284 Delphicis
1098 3197 1138 3281 ⁰):
1166 3200 1335 3265 manumit-
1423 3277 1424 3280 ρ

117 3305 209 3371 tendi
230 3311 424 3391 potestatem
456 3312 629 3391 propterea
661 3304 802 3370 feminae
833 3302 955 3369 habent
983 3300 1070 3384 quod
1097 3302 1274 3385 antiquitus
1300 3304 1333 3368 in

117 3409 303 3474 libertatem
316 3408 476 3475 vindicari
497 3429 608 3475 servus
630 3430 694 3474 non
709 3412 838 3493 poterat
851 3406 914 3472 nisi
936 3405 1035 3472 alioui
1049 3404 1111 3471 deo
1127 3413 1334 3473 oonseoratus

118 3511 174 3594 qui
194 3510 381 3578 hierodulus
402 3510 547 3596 fieret⁷lz
570 3531 761 3578 oonseoraro
783 3518 891 3576 autem
913 3510 986 3595 ipsi,
1008 3516 1044 3575 ut
1067 3529 1166 3595 supra
1184 3509 1334 3595 vidimus,

42 3705 49 3716 ·
116 3614 247 3680 mulieri
260 3615 346 3682 lioet.
391 3617 494 3683 Sacra
508 3615 612 3681 forma
626 3614 700 3682 ideo
716 3634 788 3680 esso
803 3612 1063 3679 manumissionis
1078 3612 1182 3697 prima
1196 3611 1334 3697 videtur,

206 3910 229 3980 ¹]
264 3909 385 3965 Journal
403 3908 437 3963 of
450 3908 541 3964 hellen
560 3909 626 3964 stud
643 3909 678 3979 11,
696 3909 756 3964 362.

207 3997 231 4066 ¹)
265 3996 330 4051 Bull
347 3996 383 4051 do
402 4012 467 4052 oorr
484 3996 540 4051 hell
559 3993 634 4064 1884,
651 4011 670 4064 p
688 3997 731 4050 44.

209 4086 231 4155 ⁸)
264 4083 488 4155 Bezzenberger,
505 4083 639 4153 Boitrage
657 4083 708 4151 ΠΙ,
725 4083 777 4137 272
796 4100 858 4153 sqq.

204 4173 228 4242 ⁴)
263 4170 474 4242 Dittonborger‚
493 4170 553 4243 Syll
569 4172 646 4227 inser
664 4170 705 4227 Gr
722 4186 741 4239 p
760 4169 820 4225 632.
840 4201 869 4210 -
891 4169 912 4239 6)
939 4167 1067 4225 oNeaer
1084 4166 1100 4236 ξ
1119 4166 1161 4221 31.

208 4262 230 4329 ⁰)
265 4261 337 4316 Mem
356 4275 405 4315 sur
422 4258 569 4315 l’affranoh
586 4276 605 4329 p
624 4260 640 4313 5
659 4263 729 4314 extr.

202 4350 229 4426 ί)
264 4347 387 4417 Curtius,
404 4346 505 4402 Anood
521 4347 614 4417 Dolph
631 4363 650 4416 p
672 4349 704 4401 10
721 4362 783 4416 sqq.
