3142 4950
106 512 262 598 ἐλευθέρα
278 514 361 599 είμεν
375 515 430 577 καὶ
444 512 590 598 θυγάτηρ
602 511 748 598 Σωσίχας
759 509 1028 598 καὶἙρμογένεος
1042 520 1095 578 τοῦ
1106 512 1321 598 Διοσκουρίδα.

106 617 339 701 Hermogenes,
367 636 462 699 quem
479 621 611 701 propter
632 616 734 701 patris
761 634 879 681 nomen
900 613 1047 680 additum
1069 615 1323 682 existimabimus

19 758 20 765 ι
107 726 163 786 aut
185 719 360 803 ingenuum
383 724 440 785 aut
460 719 610 785 libertino
633 724 754 802 natum,
776 718 911 784 maritus
933 718 1088 785 Sosiohae
1117 725 1166 784 est
1186 718 1323 784 libertae

19 858 20 865 ι
106 824 173 890 iam
195 828 274 906 tum,
297 823 420 908 opinor,
443 843 515 888 cum
537 822 619 888 haec
640 822 824 908 παραμονῆς
846 820 996 905 officium,
1018 820 1040 887 i.
1063 841 1090 887 e.
1114 820 1324 906 permanendi

18 954 20 989 l

105 928 243 993 liberam
265 925 298 991 in
326 925 396 991 heri
425 924 530 1009 domo,
553 928 752 1011 praestabat.
796 925 847 989 De
870 923 1058 990 condicione
1079 923 1251 990 liberorum
1266 943 1325 1010 per

18 1034 19 1129 ]
106 1029 188 1095 illud
210 1036 338 1114 tempus
359 1027 633 1114 procreandorum
660 1028 694 1092 in
724 1027 844 1093 tabulis
872 1026 1131 1092 manumissionis
1153 1025 1325 1109 diligenter

18 1144 19 1205 l
107 1133 266 1216 agebatur
279 1131 301 1216 ¹)
308 1154 316 1211 ς
341 1138 438 1215 atque
459 1131 508 1197 ita
534 1151 629 1197 serva
656 1130 745 1196 iacta
766 1130 963 1196 Callicratea
987 1129 1053 1194 iam
1081 1130 1325 1195 manumittitur,

18 1210 19 1231 l

18 1242 20 1275 l

18 1294 19 1299 ,
105 1235 216 1302 Multis
250 1241 326 1302 ante
359 1234 499 1300 saeculis
521 1233 698 1299 Telesicles
731 1231 885 1299 sacerdos
917 1232 1033 1299 Parius
1066 1252 1106 1298 cx
1138 1252 1233 1299 serva
1265 1253 1324 1298 sua

106 1338 219 1422 genuit
240 1336 468 1404 Archilochum
500 1342 631 1422 poetam
663 1336 718 1419 qui
740 1335 899 1419 ingenuus
931 1336 1078 1419 quamvis
1111 1335 1227 1402 nothus
1254 1335 1324 1400 fuit.

106 1441 211 1507 Aliter
232 1459 341 1506 resse
363 1439 452 1525 apud
473 1438 648 1505 Thessalos
669 1437 777 1522 habet,
796 1445 836 1504 ot
856 1439 890 1503 in
912 1438 1033 1505 tabulis
1047 1439 1152 1504 Haliis
1170 1439 1323 1521 legimus:

146 1542 242 1622 Ἰσιὰς
255 1542 471 1629 Μνασιαρέτου
487 1539 791 1627 άπελευθερυθεῖσα
805 1538 865 1605 ὑπὸ
880 1539 1094 1625 Μνασιαρέτου
1116 1542 1170 1606 τοῦ
1182 1540 1324 1627 Ἀγροίτα

149 1649 203 1712 καί
236 1645 455 1728 Καλλιβούλας
486 1651 541 1723 τᾶς
571 1642 759 1730 Εὐρυδάμου
793 1646 847 1708 καὶ
879 1641 1076 1731 Νικοβοάλας
1107 1645 1162 1722 τοῖς
1187 1643 1324 1709 Μνασια-

150 1751 239 1837 ρέτου
251 1749 287 1834 ²),

107 1869 139 1928 et
160 1864 194 1927 in
216 1861 381 1928 Larisaeis
397 1860 435 1945 ’λε

148 1980 275 2068 Κοσμία
297 1979 516 2067 Φερεκράτους
539 1978 601 2045 άπὸ
617 1979 838 2065 Φερεκράτους
852 1981 907 2045 τοῦ
925 1978 1062 2058 Ἰσίιυνος
1083 1982 1139 2044 καί
1158 1986 1214 2065 τῆς
1228 1981 1325 2058 δεῖνος

149 2085 204 2170 τῆς
225 2084 375 2170 Πορτίνου
396 2083 527 2168 Παρίου,
629 2124 632 2129 >

149 2187 299 2273 Κραταιίς
322 2186 506 2253 Ξανθίππου
529 2184 591 2251 ἀπὸ
608 2185 793 2252 Ξανθίππου
815 2186 870 2251 τοῦ
886 2185 1069 2252 Ξανθίππου
1084 2187 1325 2274 καὶΚλευτίμας

148 2291 204 2376 τῆς
221 2282 425 2376 Ἀλκιμάχου,

145 2391 257 2480 Ἀμμία
285 2390 452 2478 Πολυάρου
486 2388 548 2455 άπὸ
577 2387 743 2476 Πολυάρου
775 2391 831 2455 τοῦ
861 2389 1028 2478 Πολυάρου
1061 2394 1115 2456 καὶ
1143 2392 1242 2481 Σίμας
1268 2400 1323 2481 τῆς

148 2495 375 2583 Διοσκουρίδου
393 2498 448 2560 καί
468 2495 649 2582 Γοργίππου
670 2501 725 2559 τοῦ
740 2493 917 2581 Πολυάρου.

106 2600 165 2665 Isti
205 2600 289 2665 servi
329 2599 379 2664 sui
414 2600 517 2685 patris
556 2604 646 2681 sunt,
686 2617 758 2663 cum
794 2598 864 2664 heri
900 2600 1029 2666 omnino
1065 2620 1179 2667 servae
1215 2602 1324 2687 proles

108 2701 275 2768 habeatur.
319 2701 420 2767 Mirus
442 2721 519 2768 vero
534 2700 647 2766 titulus
664 2706 713 2766 est
727 2700 906 2769 Arcadicus
921 2708 994 2788 post
1005 2702 1163 2769 Hadriani
1178 2710 1324 2791 tempora

107 2812 274 2871 exaratus:

143 2921 220 2990 Ἐπὶ
249 2923 354 3010 ίερέυς
381 2926 436 2989 τοῦ
465 2922 657 3003 Ποσειδῶνος
685 2924 863 3010 Κορνηλίου
887 2923 1178 3012 Ἐπιτυγχανίυνος,
1205 2927 1324 2994 Εὕοδία

14 3047 15 3078 ι
148 3027 323 3114 Συμμάχου
351 3026 519 3113 Μαντινικὴ
544 3026 680 3092 Ἐλπίδα
712 3026 769 3113 την
808 3029 885 3094 ίδίαν
919 3029 1081 3116 θυγατέρα
1117 3033 1172 3095 καί
1208 3031 1324 3119 δούλην

149 3127 369 3216 ἠλευθέρωσεν
403 3130 575 3215 ἐλευθέραν
608 3152 642 3196 τε
676 3132 752 3196 είνοιι
786 3130 982 3210 αὐτεξούσιον
1017 3132 1184 3219 ἐπέτρεψεν
1214 3137 1322 3222 μηδενί

150 3235 247 3320 μηδὲν
268 3231 488 3320 προςηκουσαν
509 3231 593 3298 κατὰ
615 3232 735 3320 μηδένα
756 3233 870 3319 τρόπον
882 3234 916 3316 ⁴).

108 3354 226 3420 Servus
259 3354 329 3419 sine
363 3352 461 3420 dubio
494 3359 588 3438 pater
620 3361 669 3420 est
697 3360 730 3419 et
763 3354 792 3420 is
825 3354 970 3438 quidem,
1004 3356 1127 3440 opinor,
1160 3356 1322 3424 Euodiae:

106 3456 245 3540 ingenua
280 3455 421 3522 debebat
458 3455 526 3521 filia
558 3457 658 3523 nasci.
719 3457 756 3521 In
789 3456 916 3540 legibus
949 3459 1094 3525 Platonis
1119 3459 1217 3525 ‘llaec
1249 3469 1323 3526 sunt

107 3558 178 3642 (XI,
204 3559 245 3625 10
265 3558 363 3645 exto:
398 3559 433 3625 Si
455 3579 520 3643 qua
542 3579 638 3626 serva
659 3579 727 3625 rem
754 3559 905 3626 habuerit
932 3580 1005 3626 cum
1037 3581 1130 3629 servo
1156 3563 1323 3649 libertove,

106 3668 141 3727 ut
163 3661 208 3728 ad
229 3661 342 3727 herum
368 3682 482 3728 servae
508 3662 603 3729 liberi
628 3663 827 3748 pertineant3
854 3663 904 3729 sin
937 3683 1009 3729 curn
1046 3684 1139 3731 servo
1178 3672 1324 3752 stuprum

107 3762 221 3829 lecerit
248 3763 404 3848 ingenua,
431 3772 467 3830 ut
495 3763 538 3830 ad
565 3765 678 3831 herum
700 3765 801 3848 servi3
829 3765 879 3830 sin
912 3772 1019 3831 autem
1048 3787 1120 3832 curn
1141 3786 1200 3834 suo
1221 3768 1324 3854 ipsius

197 4056 218 4124 1)
255 4055 395 4110 Foncart:
414 4056 594 4126 Daromborg
612 4056 636 4109 ia
654 4055 759 4127 Saglio,
777 4057 844 4111 Dict
860 4073 879 4126 p
898 4056 957 4110 303.

193 4144 216 4212 ¹)
252 4143 474 4212 Bezzenberger‚
492 4144 572 4198 Beitr
589 4143 638 4211 VI,
656 4142 715 4198 308.

195 4231 216 4298 ³)
251 4230 352 4284 Mitteil
371 4228 486 4284 architol
506 4231 568 4285 Inst
586 4230 661 4298 1882,
679 4246 698 4298 p
716 4230 776 4283 226.

195 4317 218 4386 ⁴)
254 4317 294 4373 Le
312 4316 370 4373 Bas
389 4316 413 4371 θ
429 4316 632 4388 Waddington,
650 4316 715 4386 Meg
733 4320 761 4373 et
779 4316 868 4388 Pelop
887 4315 979 4388 3523.

1154 4419 1172 4473 4
