3142 4950
734 289 774 351 a

151 495 285 561 dieitur:
319 498 351 561 in
387 496 523 562 eandem
563 495 757 560 sententiam
789 494 949 579 intellegit
986 498 1162 581 permultos
1194 498 1305 563 titulos
1336 498 1370 562 iu

153 600 270 681 quibus
292 600 412 666 femina
435 600 500 664 lilio
524 599 744 665 consentiente
765 598 890 664 scilicet
911 599 1011 666 vidua
1033 601 1238 666 manumittit.
1282 601 1371 666 Satis

149 702 240 768 illam
263 704 422 769 rationem
444 723 542 788 supra
557 702 717 767 refutasse
738 701 885 768 videmur
898 702 935 786 1);
966 708 1107 767 ceterum
1133 703 1219 786 quod
1233 702 1370 788 Delphis

148 826 231 871 uxor
253 826 379 892 semper
402 812 478 872 ante
499 806 620 871 liberos
647 806 841 890 nominatur,
869 806 1064 871 contrarium
1093 825 1221 892 semper
1242 805 1370 871 Rhodia

152 910 318 996 inscriptio
334 910 467 976 exhibet
478 910 512 994 ²).
557 908 591 972 Si
607 913 716 973 autem
729 908 830 974 vidua
845 909 1065 974 consentiente
1079 909 1146 975 filio
1161 909 1370 994 manumittit,

84 1050 86 1054 ·
148 1031 275 1077 servum
296 1013 404 1098 potius
427 1013 460 1077 in
483 1012 722 1078 matrimonium
744 1012 821 1076 olim
844 1013 886 1077 ab
908 1012 982 1096 ipsa
995 1013 1121 1078 illatum
1145 1013 1368 1096 cogitabimus.

148 1115 259 1180 Malim
300 1116 454 1200 colligere
493 1135 534 1181 ex
566 1116 607 1180 W
639 1117 666 1180 du
697 1116 725 1179 F
757 1116 822 1181 210
854 1121 887 1180 et
919 1116 993 1200 211,
1030 1117 1086 1182 ubi
1118 1116 1369 1183 manumissores

148 1220 368 1284 nominantur:

190 1320 279 1407 Τιμὼ
302 1315 530 1408 Ἀριστομένεος
564 1325 619 1386 καὶ
651 1324 698 1386 τοὶ
724 1321 784 1385 υἱοὶ
812 1315 907 1399 αὐτᾶς
934 1321 1079 1407 Πατρὲας
1109 1325 1164 1387 καὶ
1191 1321 1365 1410 Δαμότιμος

185 1418 379 1512 Ἀνδρονίκου
401 1425 525 1512 Δελφοί,
819 1440 823 1447 ’

193 1528 286 1593 Λύκα
308 1529 512 1616 Θρασυκλέος
533 1532 588 1593 καὶ
610 1527 627 1593 ὁ
649 1526 713 1606 υἱὸς
735 1527 830 1605 αὐτοῖς
851 1527 997 1606 Σώνικος.

149 1633 193 1696 At
215 1652 256 1697 ne
278 1631 339 1698 hoc
361 1632 490 1716 quidem
514 1638 645 1697 eertum.

500 1831 551 1913 V.
597 1833 661 1914 lle
688 1829 789 1913 iure
816 1829 1002 1914 forensi.

464 1986 499 2057 A.
552 1986 806 2057 deuotionibus
837 1986 1048 2057 intendentis.

234 2124 330 2208 Apud
352 2124 568 2191 Athenienses
601 2145 673 2191 cum
705 2125 769 2210 ipsi
802 2125 972 2211 peregrino
1005 2130 1161 2209 patronus
1188 2125 1223 2191 in
1247 2125 1367 2192 iudicio

152 2248 233 2311 opus
255 2227 297 2292 sit
321 2226 533 2313 (προστάτης),
556 2234 661 2294 tutore
685 2229 825 2293 feminae
846 2228 879 2291 in
904 2227 1010 2294 causis
1040 2228 1188 2293 omnibus
1213 2228 1367 2294 utendum

146 2330 242 2415 est3).
298 2329 392 2407 Quod
431 2331 519 2416 apud
557 2330 748 2415 Gregorium
782 2329 982 2396 Corinthium
1020 2331 1158 2414 legimus
1169 2332 1206 2414 ⁴):
1239 2338 1278 2417 τῇ
1312 2335 1367 2417 μὲν

149 2436 272 2520 γυναικὶ
294 2433 400 2501 δοτέον
423 2432 604 2521 συνήγορον,
628 2434 735 2520 ἐπειδὴ
765 2427 891 2519 ἄπειρός
920 2434 983 2499 ἐστι
1010 2432 1125 2520 νόμωνε
1155 2440 1292 2501 tutorem
1314 2435 1367 2502 hic

146 2538 310 2621 intellego,
333 2540 417 2603 sicut
438 2539 616 2605 scholiasta
628 2539 651 2625 ⁵)
675 2538 768 2604 citari
791 2540 838 2605 ita
860 2537 974 2604 tradit:
997 2537 1018 2623 ἡ
1042 2539 1127 2604 δεῖνα
1149 2540 1204 2603 καὶ
1219 2532 1235 2602 ὁ
1251 2537 1366 2624 κύριος,

14 2719 15 2730 γ
144 2634 231 2706 τοῦτ’
261 2643 341 2706 ἔστιν
370 2635 498 2728 ὃάνήρ.
553 2643 620 2728 lpsi
649 2642 790 2709 feminae
816 2642 915 2707 licere
944 2642 1017 2725 lege
1044 2661 1143 2725 agere
1173 2662 1213 2707 ex
1243 2642 1367 2726 Harpo-

149 2745 302 2811 crationis
324 2746 432 2811 verbis
454 2766 470 2811 s
492 2767 512 2810 ν
534 2744 715 2823 κακώσεως·
740 2745 830 2830 δίκης
852 2744 950 2831 ὄνομα
973 2746 1037 2809 ἐστι
1058 2754 1124 2822 ταῖς
1138 2766 1172 2809 τε
1188 2743 1366 2830 ἐπικλήροτς

14 2907 15 2922 ,
143 2846 226 2912 κατὰ
248 2849 308 2914 τῶν
330 2848 557 2935 γεγαμηκότων
585 2850 673 2915 haud
701 2849 849 2933 efficitur,
877 2870 948 2914 cum
972 2856 1004 2914 et
1026 2849 1122 2914 istam
1144 2847 1248 2931 quivis
1270 2846 1365 2914 homo

14 3015 15 3032 γ
145 2951 266 3017 habeat
299 2951 458 3016 actionem
493 2957 525 3016 et
564 2951 605 3017 de
637 2950 802 3035 praesidio
835 2952 978 3017 mulieris
1015 2950 1199 3016 necessario
1238 2957 1364 3033 agatur.

14 3095 15 3154 γ
144 3055 240 3139 Apud
273 3052 524 3120 Demosthenem
558 3055 655 3138 (LIX,
683 3056 738 3138 52)
777 3074 909 3120 causam
943 3053 1105 3136 quandam
1139 3073 1197 3138 pro
1231 3054 1365 3120 muliere

144 3158 312 3223 intendis
340 3163 446 3223 tutore
474 3158 626 3241 legimus:
660 3160 715 3221 καὶ
736 3157 821 3221 σίτου
844 3158 886 3235 εἰς
919 3154 1027 3244 ᾠδεῖον
1061 3158 1137 3222 εἶναι
1169 3154 1364 3223 δικάσασθαι

14 3287 15 3346 γ
144 3258 222 3345 ὑπὲρ
260 3260 316 3345 τῆς
354 3258 500 3346 γυναικὸς
537 3261 580 3347 τῷ
619 3262 725 3347 κυρίῳ.
781 3259 983 3345 Quamquam
1020 3266 1107 3326 tutor
1139 3261 1270 3329 minime
1305 3283 1363 3329 suo

14 3377 15 3434 j
142 3363 269 3428 nomine
291 3364 370 3447 agit.

228 3466 287 3530 Est
308 3468 341 3531 in
363 3468 510 3533 Platonis
524 3467 651 3551 legibus
666 3466 740 3555 (XI,
758 3467 811 3553 14)
832 3474 868 3532 ut
890 3473 922 3533 et
944 3468 977 3532 in
999 3464 1119 3532 iudicio
1134 3468 1236 3532 verba
1256 3468 1365 3534 facere

146 3569 307 3651 ingenuae
328 3570 426 3635 liceat
448 3571 665 3655 quadraginta
693 3592 796 3638 annos
824 3578 921 3638 natae
949 3577 981 3636 et
1008 3571 1132 3636 carenti
1153 3571 1269 3637 marito
1291 3573 1365 3655 lege

14 3671 16 3754 l
144 3671 207 3756 ipsi
229 3690 328 3754 agere
351 3673 453 3759 (δίκην
474 3673 665 3760 λαγχάνειν).

232 3878 253 3946 ¹)
289 3878 356 3933 vide
374 3896 392 3947 p
411 3878 445 3932 56
464 3895 506 3949 sq.

231 3965 255 4032 ²)
291 3965 421 4035 Newton,
441 3965 537 4021 Greek
554 3968 631 4021 inser
648 3968 676 4021 Π
693 3966 752 4022 343.

231 4053 253 4123 ³)
289 4053 360 4109 haec
390 4055 533 4108 sententia
559 4054 634 4109 Gidii
661 4059 707 4109 est
737 4072 755 4124 p
778 4054 827 4122 80,
860 4071 923 4110 cum
949 4053 1119 4123 Desjardins
1149 4056 1267 4107 auctore
1290 4053 1362 4108 ahos

144 4156 259 4210 quoque
277 4141 422 4195 advocare
441 4140 533 4195 liceat

230 4228 254 4297 ⁴)
292 4229 329 4283 ad
346 4229 472 4297 Hermog
489 4228 605 4283 method
624 4229 708 4298 eloqu
726 4229 768 4283 21.

232 4314 254 4384 θ)
291 4314 377 4371 Schol
395 4315 432 4369 ad
450 4315 589 4385 Aristoph
606 4316 670 4385 Equ
687 4315 747 4369 969.
