3142 4950
733 324 774 389 57

651 415 853 422 ω

146 533 193 599 cis
215 553 275 599 nec
296 534 329 598 in
351 534 513 601 Boeoticis
535 534 798 620 inscriptionibus
820 535 1074 611 συνευδοκοῦντες
1095 534 1145 599 illi
1166 533 1287 601 diserte
1308 535 1361 600 he·

146 635 242 702 redes
264 636 485 722 appellantur:
519 635 554 702 id
577 635 662 721 quod
691 637 792 703 semel
820 636 866 722 fit,
898 638 932 702 in
958 637 1053 704 titulo
1075 636 1189 704 Iudaei
1211 638 1359 705 Pantica-

145 740 295 824 paeensis
317 760 402 805 anno
423 741 472 826 pO
492 741 642 806 LXXXI.
665 745 801 806 exarato
815 739 853 824 ¹):

187 834 316 929 ἀφείημι
348 843 407 908 κτλ
445 836 654 929 ἀνεπίληπτον
680 846 734 907 καὶ
761 841 1018 929 ἀπαρενόχλητον
1044 836 1106 908 ἀπὸ
1137 841 1251 921 παντὸς
1282 843 1360 930 κλη-

188 944 320 1031 ρονόμου
331 946 390 1011 κτλ
406 945 682 1014 συνεπινευοοίντυν
701 947 736 1010 δὲ
752 949 808 1010 καὶ
818 947 879 1013 τῶν
889 945 1092 1032 κληρονόμων
1104 968 1163 1033 μου
1171 946 1361 1032 Ἰρικλείδου

186 1050 242 1112 καί
258 1042 490 1126 ίΕλικυννιοὶδος.

144 1151 186 1215 Et
214 1172 285 1217 oum
314 1152 367 1218 hic
394 1151 549 1218 heredum
577 1171 761 1235 consensus,
796 1171 859 1234 quo
886 1149 1095 1237 provideatur
1120 1152 1247 1237 liberto,
1280 1152 1361 1218 nihil

145 1253 218 1318 miri
240 1253 371 1340 habeat,
407 1255 545 1341 Delphis
576 1276 640 1322 non
673 1254 769 1321 modo
802 1274 861 1340 per
894 1254 1076 1339 complures
1104 1261 1214 1340 testes,
1250 1275 1360 1322 verum

147 1356 246 1422 etiam
277 1377 336 1442 per
367 1358 456 1443 ipsos
490 1358 704 1445 βεβαιωτῆρας
736 1358 898 1441 legitimos
931 1359 1028 1425 rebus
1061 1357 1148 1423 illius
1182 1358 1262 1424 satis
1289 1380 1362 1444 pro·

147 1466 293 1546 spectum
316 1466 375 1527 est.
419 1462 503 1528 Dein
526 1461 568 1527 de
590 1462 693 1527 titulis
708 1460 875 1546 Delphicis
891 1461 1064 1547 quaeritur,
1086 1481 1162 1526 num
1184 1461 1228 1527 ad
1251 1481 1362 1527 omnes

148 1561 261 1629 eodem
290 1569 434 1649 tempore
463 1564 723 1641 συνευδοκοῦντος
748 1564 859 1630 veniat
886 1562 1058 1631 hereditas.
1103 1565 1204 1631 (laute
1231 1564 1361 1648 quidem

147 1665 249 1732 verba
260 1666 401 1733 Fouoart
414 1666 496 1733 haee
512 1667 606 1733 facit:
651 1667 723 1752 „On
745 1666 887 1733 descend
910 1668 998 1733 aussi
1015 1669 1144 1751 jusqu’a
1165 1668 1199 1734 la
1221 1668 1361 1735 seconde

145 1770 349 1854 generation3
383 1770 467 1836 ainsi
491 1790 554 1836 une
579 1770 694 1836 femme
715 1774 826 1855 ajoute
848 1773 869 1835 b
890 1769 910 1833 l’
934 1771 1149 1855 approbation
1171 1769 1213 1855 de
1235 1790 1273 1837 sa
1294 1769 1361 1837 fille

149 1880 182 1936 et
203 1869 245 1937 de
267 1892 326 1938 son
347 1872 400 1938 fils
422 1873 504 1939 celle
519 1872 563 1938 du
577 1873 629 1939 fils
644 1862 738 1939 desa
751 1872 871 1956 fille²)3
892 1893 956 1939 une
978 1879 1070 1939 autre
1092 1874 1174 1940 celle
1195 1873 1253 1940 des
1276 1872 1362 1941 deux

144 1973 197 2040 fils
220 1973 261 2040 de
283 1995 321 2042 sa
342 1975 454 2055 filled.
494 1975 544 2042 On
566 1982 710 2042 remonte
732 1977 835 2042 meme
858 1995 922 2041 aux
937 1975 1164 2043 ascendants.“
1185 1977 1255 2044 Nec
1277 1980 1362 2044 enim

146 2077 322 2144 contendes
344 2100 408 2145 non
430 2079 534 2146 solum
555 2079 658 2145 filiam
679 2086 810 2162 tresque
830 2078 925 2164 filios,
948 2079 1005 2146 sed
1029 2082 1127 2147 etiam
1146 2081 1241 2147 unius
1256 2100 1296 2146 ex
1311 2081 1362 2147 his

146 2180 248 2246 filium
269 2182 341 2266 pari
362 2182 433 2248 iure
455 2202 527 2248 esse
538 2183 561 2262 ⁴)
583 2190 641 2249 aut
661 2182 762 2248 filiam
785 2191 818 2247 et
839 2183 989 2248 maritum
1018 2182 1088 2249 eius
1113 2190 1146 2248 et
1167 2184 1266 2250 aliam
1289 2204 1361 2250 cum

145 2285 212 2350 suis
233 2284 309 2350 filiis
330 2286 497 2351 mulierem
510 2285 544 2370 l).
588 2288 709 2351 Verum
731 2286 759 2351 si
781 2284 831 2351 his
853 2285 934 2351 locis
956 2284 1107 2351 heredem
1129 2287 1267 2352 alterum
1290 2307 1361 2353 esse

148 2407 250 2472 negas
272 2388 335 2453 nisi
356 2395 429 2473 post
457 2395 591 2454 mortem
618 2389 768 2455 alterius:
804 2408 860 2454 cur
887 2408 951 2454 non
980 2394 1047 2453 tum
1074 2388 1203 2455 demum
1231 2389 1361 2456 filiabus

150 2491 317 2575 obtingere
332 2492 499 2558 existimas
514 2492 737 2577 hereditatem,
752 2493 780 2578 si
795 2492 907 2559 liberis
929 2512 993 2558 non
1008 2493 1129 2560 relictis
1144 2493 1202 2559 filii
1217 2493 1360 2559 defuncti

145 2594 232 2662 sint?
265 2596 316 2660 Ita
343 2603 452 2661 autem
479 2597 577 2662 etiam
605 2597 705 2662 multo
728 2597 833 2662 minus
856 2615 967 2662 aarum
989 2617 1070 2681 opus
1091 2617 1164 2662 esse
1186 2593 1361 2662 consensus

145 2696 282 2763 videtur.
325 2698 401 2766 Noli
434 2718 597 2785 opponere
629 2698 739 2784 filiam,
773 2719 857 2783 quae
886 2706 962 2764 ante
989 2699 1090 2764 filium
1117 2699 1278 2765 interdum
1306 2720 1362 2766 no·

146 2800 284 2866 minetur
296 2800 338 2887 ⁶),
370 2802 459 2869 nullo
487 2808 585 2887 pacto
612 2809 686 2888 post
714 2803 799 2870 huno
827 2821 924 2888 posse
945 2802 978 2867 in
1001 2801 1213 2869 hereditatem
1234 2803 1360 2870 vocari:
1461 2847 1462 2850 ,

146 3046 236 3096 testes
262 3041 423 3097 nominatos
441 3042 626 3097 inveniamus.
657 3042 681 3096 Ε
704 3043 802 3099 verbis
825 3049 920 3099 autem
937 3043 1009 3096 κατὰ
1030 3043 1076 3095 τὸν
1096 3044 1176 3110 νόμον
1197 3046 1246 3107 τοῖς
1268 3043 1361 3109 πόλιος

146 3129 192 3199 (W
220 3129 245 3182 dc
269 3129 293 3183 F
318 3127 365 3183 39:
395 3123 511 3181 ἀπίοοτο
536 3126 554 3197 ἡ
583 3132 655 3182 δεῖνα
677 3132 714 3197 τῷ
733 3127 876 3183 Ἀπόλλωνι
898 3132 934 3197 τῷ
956 3131 1047 3196 Πυθίῳ
1071 3133 1147 3197 σῶμα
1169 3138 1318 3198 γυναικεῖον
1336 3131 1361 3199 ,ᾅ

145 3215 231 3285 ὄνομα
248 3218 341 3280 Στολίς
355 3219 574 3280 ουνευδοκίοντος
591 3220 640 3269 καί
655 3219 702 3269 τοῦ
721 3220 778 3270 υἱοῦ
796 3217 947 3284 Νικάνορος
964 3216 1036 3269 aaut
1053 3217 1099 3269 τὸν
1116 3217 1195 3285 νόμον
1207 3220 1256 3282 τοῖς
1267 3218 1361 3283 πόλιος

146 3307 224 3372 τιμᾶς
242 3300 369 3372 ἀργυρίου
389 3305 455 3370 μνᾶν
473 3306 558 3371 τριῶν.
577 3301 622 3359 cfr
640 3304 691 3358 140
709 3308 738 3359 et
757 3305 819 3371 143)
838 3303 873 3358 de
892 3317 1034 3358 consensu
1046 3303 1114 3357 nihil
1126 3301 1262 3359 efficitur:
1276 3306 1360 3361 immo

39 3458 40 3461 Ἴ
146 3406 217 3445 vero
244 3389 425 3446 manumissio
448 3389 513 3458 ipsa
536 3389 688 3445 secundum
710 3391 790 3461 leges
814 3389 893 3445 facta
916 3390 1027 3460 dicitur,
1051 3395 1083 3445 ut
1103 3391 1132 3444 in
1149 3391 1175 3447 N
1192 3392 1244 3446 432
1262 3397 1307 3447 est
1325 3395 1361 3448 de

146 3478 364 3533 manumissione
390 3475 533 3548 Physcide
560 3477 673 3548 quidem
700 3476 779 3533 facta
801 3477 975 3547 Delphisque
999 3478 1175 3547 conscripta:
1206 3482 1234 3531 ὲν
1261 3481 1360 3548 ἐννόμῳ

145 3568 277 3633 ἐκκλησίᾳ
294 3560 421 3633 ἀνέθηκε.
451 3563 535 3619 Haud
553 3565 611 3619 levi
629 3553 795 3635 argumento
819 3571 887 3620 utor
903 3565 1001 3620 verbis
1019 3565 1094 3619 tituli
1110 3566 1237 3621 Lamiani
1249 3567 1362 3636 (blitteil

146 3652 264 3707 archaol
281 3653 342 3706 Inst
361 3650 436 3721 1883,
454 3669 472 3720 p
498 3650 568 3722 131),
590 3653 639 3708 ubi
662 3652 757 3722 priore
775 3654 840 3708 loco
859 3653 991 3722 legimus:
1009 3649 1027 3721 ἡ
1048 3650 1155 3721 οεῖναη·
1176 3648 1362 3723 ἀπελευθερο-

145 3742 224 3793 bstou
241 3735 292 3791 ὑπὸ
310 3738 359 3807 τῆς
382 3741 467 3802 δεῖνος
490 3739 709 3793 mammaeam
731 3743 783 3794 τῶν
805 3744 878 3793 δεῖνα
899 3740 972 3793 κατὰ
989 3740 1035 3792 τὸν
1052 3740 1140 3807 νόμον,
1158 3744 1232 3795 tum:
1251 3740 1266 3794 ὃ
1286 3745 1358 3795 δεῖνα

145 3826 161 3880 ὁ
181 3822 413 3893 ἀπολθυυθρυθθίς
430 3822 481 3877 ὑπὸ
498 3827 546 3878 τοῦ
565 3829 650 3891 δεῖνος
666 3828 737 3881 κατὰ
756 3828 801 3881 τὸν
818 3827 907 3895 νόμον.

234 3913 255 3983 ¹)
290 3911 496 3983 01112114b=b
514 3937 547 3958 =
565 3913 674 3985 Antiqu
692 3917 730 3970 du
747 3915 845 3985 Bosph
863 3915 952 3970 Gimm
968 3915 1057 3971 XXII.

232 3999 255 4070 ¹)
291 3999 327 4055 W
345 3999 370 4052 h
387 3999 411 4053 F
429 4000 479 4071 213
498 3999 627 4072 Curtius,
644 4001 745 4058 Anecd
763 4001 856 4071 Delph
876 4006 917 4057 ll.

235 4087 255 4158 ⁸)
290 4087 327 4142 W
345 4087 369 4140 d
386 4087 409 4141 F
427 4087 487 4143 249.

231 4175 256 4244 ⁴)
291 4174 406 4230 Curtius
426 4177 472 4231 11:
491 4176 583 4248 Polya
601 4177 740 4248 quaedam
758 4177 937 4233 manumittit.

236 4262 258 4331 6)
294 4261 360 4317 011
382 4262 487 4333 17092.

234 4349 255 4421 ο)
293 4350 326 4406 W
345 4349 369 4404 d
387 4349 409 4403 F
428 4351 491 4420 3523
511 4350 558 4422 213
577 4349 693 4406 curtius
715 4352 753 4406 ll.
