3142 4950
230 513 487 601 possessionibus
509 514 607 579 etiam
629 511 663 577 in
684 511 825 578 Graecia
844 512 1056 598 prohibentur
1067 514 1100 599 ¹),
1122 515 1209 599 quod
1231 516 1300 582 sine
1313 498 1445 582 civitate

229 616 391 703 possessio
407 615 543 700 eogitari
558 617 685 698 nequit:
708 615 860 684 mulieres
874 621 984 682 autem
1006 617 1115 684 offioia
1136 619 1246 685 eivilia
1267 640 1332 685 non
1353 638 1446 704 prae-

228 724 325 785 stant.
369 716 493 797 Quodsi
513 719 547 784 in
568 717 671 784 titulis
693 716 934 803 hypothecariis
956 741 1028 786 oum
1043 721 1175 789 aliunde
1189 731 1258 788 tum
1280 742 1321 788 ex
1335 722 1444 789 Attiou

230 824 341 891 allatis
362 824 444 890 haee
467 823 535 890 fere
556 841 685 908 semper
706 824 808 890 verba
828 825 992 908 leguntur:

273 925 345 1012 ὅρος
365 926 483 1012 χωρίου
512 926 671 1011 evaporat
693 923 958 1015 ἀποπετιμημένου
986 934 1025 1015 τῇ
1054 928 1136 1014 δεῖνι,

229 1032 327 1097 tutori
355 1030 463 1097 verius
485 1029 628 1096 mulieris
650 1049 747 1112 quam
768 1030 844 1098 huie
865 1032 928 1118 ipsi
949 1052 1007 1118 pro
1031 1031 1106 1099 dote
1128 1031 1220 1098 fundi
1242 1031 1446 1117 oppignorati

230 1140 313 1201 sunt.
344 1134 464 1199 Verum
484 1133 583 1219 plane
605 1139 638 1198 et
660 1139 772 1219 aperte
793 1134 827 1201 in
848 1135 968 1202 tabulis
988 1135 1109 1224 Teniis,
1132 1154 1216 1218 quae
1241 1134 1358 1200 fundos
1371 1154 1446 1202 ven-

228 1236 314 1303 ditos
340 1237 513 1322 eontinent,
541 1235 733 1303 feminarum
759 1238 981 1323 possessiones
1008 1244 1226 1322 agnoscuntur
1238 1238 1273 1320 ²).
1315 1238 1384 1306 Neo
1411 1238 1445 1303 in

227 1340 355 1407 Lesbiis
377 1360 528 1424 agrorum
550 1340 798 1426 commentariis,
821 1361 901 1424 quos
921 1341 1004 1407 inter
1018 1339 1205 1408 Macedonis
1220 1341 1399 1408 Alexandri
1413 1348 1446 1408 et

227 1443 355 1529 imperii
375 1442 511 1510 Romani
531 1449 678 1530 tempora
693 1444 888 1530 compositos
908 1444 1112 1511 EFabrioius
1125 1445 1308 1530 nuperrime
1323 1445 1445 1531 publioi

232 1548 311 1614 iuris
332 1545 457 1632 feoit³),
479 1546 630 1613 mulieres
653 1567 717 1613 non
739 1547 934 1615 invenimus:
956 1548 1013 1614 ubi
1034 1548 1067 1613 in
1081 1569 1117 1647 a
1131 1548 1292 1635 particula
1312 1549 1443 1633 legitur:

273 1668 323 1732 ἐπὶ
344 1665 506 1752 προτάνιος
533 1665 675 1752 Ξενονλῆ
704 1666 935 1753 συνταλοὶπαροι
962 1668 1075 1748 uegeta
1099 1666 1232 1754 Ἀριστέα
1261 1668 1441 1756 Τιμαρχείω

271 1769 418 1859 ἀμπέλων
451 1768 541 1858 μόρον
572 1769 663 1836 πέντε
694 1773 750 1836 καὶ
783 1771 833 1836 ἐπὶ
864 1770 977 1837 Kartum
1011 1770 1100 1858 μέρει
1131 1781 1213 1858 τρεῖς
1244 1773 1299 1837 καὶ
1331 1771 1441 1858 Κρινία

271 1873 451 1961 Τιμαρχείω
475 1873 525 1937 ἐπὶ
545 1872 658 1938 Kolsa)
681 1872 819 1960 pdpog⁴b

229 1995 316 2063 etin
332 2014 368 2091 e
384 1992 559 2079 particula:

272 2117 323 2181 ἐπὶ
343 2113 507 2201 προτάνιος
527 2112 658 2181 Δονάκω
675 2111 944 2200 Ἑλλανοκράτεια
968 2113 1128 2201 Ἀντιγόνα)
1156 2114 1302 2201 ἀμπέλων
1330 2113 1443 2202 μόρους

272 2220 305 2286 ἐν
325 2216 461 2307 Δρομάει
483 2216 549 2284 δύο.
864 2290 868 2299 ¹

228 2341 334 2424 Atque
364 2339 463 2405 etiam
489 2336 654 2405 derebus
681 2337 1013 2407 Lacedaemoniorum
1039 2338 1121 2405 haee
1149 2338 1228 2404 dioit
1248 2338 1441 2405 Aristoteles

227 2443 300 2524 (Pol
321 2443 362 2527 ΙΙ,
385 2443 416 2528 6,
440 2440 508 2529 11):

271 2565 336 2628 ἔστι
364 2563 399 2630 δέ
425 2562 561 2628 καὶτῶν
588 2567 742 2647 γυναικῶν
770 2562 884 2648 σχεδὸν
910 2563 966 2649 τῆς
993 2558 1096 2648 πάσης
1124 2561 1232 2649 χώρας
1263 2563 1324 2629 τῶν
1352 2562 1441 2629 πέντε

271 2672 373 2755 μερῶν
393 2664 433 2731 τὰ
455 2663 520 2731 δύο.

227 2768 549 2853 TheraeaEpioteta
569 2766 686 2833 fundos
707 2766 856 2850 habet⁶):

271 2890 347 2969 ὥςτε
369 2888 553 2975 ὀφείλεσθαι
575 2886 670 2966 αὐτὰς
685 2888 735 2953 ἐπὶ
749 2895 812 2965 τοῖς
826 2886 1002 2974 ὑπάρχουσί
1017 2910 1075 2976 μου
1092 2887 1292 2975 adrosa-daem
1306 2888 1440 2975 χωρίοις.

227 3011 463 3080 Posterioribus
503 3009 600 3094 igitur
638 3009 837 3096 temporibus
873 3016 906 3075 et
948 3010 982 3074 in
1014 3010 1133 3076 Ioniois
1172 3016 1205 3076 et
1235 3010 1269 3074 in
1301 3010 1444 3077 Aeoliois

229 3123 262 3184 et
282 3117 316 3181 in
337 3113 465 3182 Derieis
487 3112 672 3180 civitatibus
685 3113 909 3200 possessiones
924 3113 1051 3180 feminis
1072 3120 1155 3181 sunt.
1198 3113 1444 3181 Vetustissimus

227 3326 430 3337 .—--—-

227 3461 291 3516 Hoo
310 3463 355 3514 est
372 3460 498 3513 mutuum
516 3456 594 3527 quod
611 3455 717 3511 habere
740 3469 805 3510 sese
828 3453 979 3510 confitetur
1001 3455 1039 3511 ab
1056 3456 1120 3525 illis,
1143 3469 1243 3524 nempe
1261 3454 1298 3511 ab
1315 3454 1444 3511 Harsiesi

230 3551 260 3603 ot
278 3547 339 3603 eius
356 3549 453 3614 patre:
472 3543 570 3599 verbis
589 3538 651 3596 ἀνθ’
672 3541 707 3596 ὢν
726 3546 771 3597 eto
789 3541 861 3597 haee
878 3542 1063 3612 explieantur.
1359 3533 1362 3542 ’

316 3634 338 3702 ¹)
373 3631 482 3701 Antiqu
500 3630 598 3686 furens
615 3646 634 3700 p
658 3630 683 3684 5.
719 3627 838 3699 (tilbert,
855 3627 964 3699 Antiqn
981 3629 1050 3699 publ
1067 3630 1089 3699 Ι,
1108 3629 1156 3682 171
1177 3631 1207 3683 ot
1226 3627 1283 3683 173.

313 3721 327 3751 8

317 3723 337 3876 ⁸3
371 3717 566 3874 {Ifirttlgssffigen
584 3804 603 3858 d
620 3800 736 3858 arohtol
753 3802 814 3857 Inst
833 3801 908 3871 1884,
925 3819 944 3872 p
962 3801 1004 3857 88.

313 3895 336 3965 ⁴)
371 3892 470 3950 Verba
487 3891 607 3959 Ξενοκλῆ
624 3888 822 3955 ammenopes
838 3904 896 3944 non
914 3889 984 3946 satis
997 3887 1089 3975 adnuo
1101 3887 1250 3959 explioata,
1263 3905 1326 3945 oum
1338 3889 1443 3944 erroris

228 3997 354 4137 mpliljo
371 3976 941 4150 lglflssffibvimssgadereoxgpnogdegatsspte,
970 4064 1136 4119 Testament
1163 4047 1338 4133 d’lfipioteta
1359 4063 1444 4118 Nouv

228 4173 317 4214 revue
334 4155 392 4210 hist
410 4154 446 4209 de
464 4153 541 4208 droit
559 4149 685 4207 1882V1
702 4166 721 4220 p
740 4150 805 4205 252:
842 4151 992 4221 „Epicteto
1009 4150 1148 4206 constitue
1166 4154 1242 4205 oette
1260 4147 1443 4218 hypothbque

228 4262 278 4303 sur
297 4258 343 4299 ses
362 4241 481 4311 aequbts
499 4232 706 4309 (αότοκτήτοις).
742 4239 784 4294 La
806 4238 846 4294 loi
867 4239 903 4293 do
926 4237 1027 4308 Thera,
1046 4253 1154 4294 nomme
1170 4239 1200 4294 la
1217 4237 1256 4291 loi
1274 4235 1397 4290 oretoiso
1415 4240 1445 4290 et

228 4345 336 4391 oomme
362 4328 389 4383 le
415 4327 469 4383 lois
492 4325 642 4383 doriennes
666 4341 700 4382 en
726 4325 851 4398 general,
875 4325 1041 4397 distinguait
1059 4330 1140 4381 entre
1157 4325 1199 4379 les
1217 4323 1336 4392 aoqndts
1354 4325 1384 4377 et
1401 4322 1443 4377 les
