3142 4950
811 336 852 400 38

221 542 311 609 milia
349 542 586 628 drachmarum,
625 542 715 609 cuius
748 563 893 608 summac
925 562 1027 627 usque
1060 542 1103 609 ad
1136 543 1320 629 nuptiarum
1354 541 1440 607 diem

218 647 324 712 usuris
352 666 410 712 sex
439 653 471 712 ct
504 645 758 731 quadringentas
792 645 963 712 drachmas
996 646 1090 731 effici,
1127 666 1208 731 quas
1244 647 1310 711 iam
1343 645 1439 712 scivit

220 769 328 834 gener.
374 750 554 816 Occurrunt
577 750 660 815 enim
689 750 783 816 nobis
811 748 864 814 hic
886 749 963 815 XIV
985 750 1085 834 milia,
1115 770 1187 816 cum
1215 750 1331 816 ceteris
1359 748 1438 814 locis

220 873 280 918 nec
303 853 411 919 minus
434 853 647 938 septingentis
669 871 728 918 nec
751 853 841 920 MDO
867 853 941 939 plus
970 852 1132 919 drachmis
1162 852 1234 919 dari
1256 852 1438 919 videamus:

221 977 260 1022 ac
293 976 334 1022 nc
362 957 395 1022 in
423 956 534 1022 Teniis
567 955 698 1040 quidem
730 957 851 1022 tabulis
884 957 957 1042 plus
991 956 1055 1022 duc
1088 956 1178 1022 milia
1211 955 1439 1023 drachmarum

218 1060 430 1145 reperiuntur.
474 1061 587 1125 Altera
604 1061 765 1126 sententia
789 1060 870 1126 haec
892 1066 956 1125 est:
980 1059 1088 1127 dotem
1110 1060 1175 1126 iam
1203 1066 1279 1126 ante
1310 1059 1439 1146 nuptias

217 1183 336 1248 genero
361 1162 472 1230 datam
491 1183 592 1248 usquc
615 1162 658 1230 ad
681 1183 753 1229 eum
770 1163 856 1229 diem
872 1164 974 1229 mutui
988 1162 1060 1230 lccc
1083 1164 1193 1248 tuisse,
1216 1164 1306 1230 cuius
1321 1183 1439 1229 usurae

218 1267 429 1334 solverentur.
490 1267 585 1337 Tum,
606 1273 714 1331 autem
751 1266 835 1332 illud
867 1268 1064 1333 Atheniense
1101 1265 1153 1332 ἐπ’
1190 1266 1277 1333 έννέα
1311 1265 1433 1354 ὀβολοῖς

218 1378 402 1455 τοκοφορεῖν
416 1369 437 1452 ¹)
472 1368 634 1436 recordati
657 1391 677 1435 a
700 1370 821 1436 collata
844 1371 921 1437 inde
954 1371 1030 1438 dcte
1057 1391 1160 1456 usquc
1188 1371 1231 1437 ad
1253 1373 1435 1458 nuptiarum

220 1472 306 1539 diem
340 1471 421 1538 duos
454 1491 582 1538 menses
615 1473 810 1557 praeterisse
844 1480 1037 1541 statuemus:
1072 1476 1147 1541 anni
1176 1476 1204 1541 si
1230 1476 1436 1542 intervallum

220 1583 316 1659 esset,
339 1597 402 1642 non
425 1576 499 1661 plus
521 1577 722 1642 solverentur
744 1596 842 1660 quarn
864 1596 962 1643 senae
985 1578 1019 1642 in
1041 1578 1185 1662 singulos
1208 1599 1310 1646 annos
1333 1586 1437 1645 cente·

217 1679 329 1746 simae.
352 1716 394 1728 -
417 1677 479 1756 Qui
502 1680 544 1745 ab
567 1678 674 1744 insula
696 1680 779 1764 Syro
804 1681 916 1746 titulus
939 1681 1181 1765 cst-allatush:

260 1781 418 1869 Ἥγησοῦς
439 1789 495 1868 τῆς
516 1780 740 1868 Κλεομβρότου
763 1784 923 1870 θυγατρὸς
945 1784 1033 1869 προὶξ
1054 1784 1090 1849 τὸ
1112 1783 1242 1870 papias:

218 1906 282 1952 ncn
304 1885 348 1952 ad
370 1885 523 1951 fiduciam
545 1905 617 1951 eum
640 1905 773 1952 necesse
797 1887 920 1969 referri,
951 1886 1070 1953 sedin
1099 1887 1207 1954 dotem
1229 1887 1302 1973 ipsa
1325 1886 1437 1953 domus

218 1989 356 2056 fortasse
379 1989 458 2055 data
480 1988 551 2055 fuit.
574 2025 615 2037 -
640 1989 772 2056 Fundos
794 1991 828 2055 in
843 1989 951 2056 dotem
974 1993 1204 2075 oppigneratos
1219 1990 1438 2074 inhmcrginc

219 2094 313 2159 titulo
338 2092 544 2176 agnoscimus
556 2092 595 2174 3);
652 2139 656 2148 .

261 2195 373 2281 [Ὅρος
395 2196 499 2260 οἰκιῶν
522 2196 576 2259 καὶ
602 2193 713 2281 κήπων
735 2195 796 2261 τῶν
822 2194 914 2281 πρ]ὁς
935 2204 1001 2272 ταῖς
1029 2195 1139 2273 οἰκίαις
1169 2195 1232 2262 τῶν
1254 2194 1439 2281 ἀποτετιμη-

261 2298 359 2385 μένιον
373 2296 576 2384 Νικησαρέτμ
601 2298 643 2376 εἰς
664 2298 720 2384 τὴν
734 2307 862 2384 προῖκα,
885 2298 1128 2386 καθιερωμένων
1150 2301 1205 2363 καὶ
1228 2297 1440 2385 ἀνακειμένων

260 2398 628 2489 τῇΟὕρανίμἈφροδέτμ
650 2402 690 2488 τῇ
714 2402 745 2466 έν
756 2400 875 2467 Ἀσπίδι
897 2400 957 2467 ὑπὸ
979 2401 1200 2490 Νικησαρέτης
1222 2402 1277 2489 τῆς
1292 2399 1437 2489 γυναικὸς
1545 2406 1548 2415 ’

261 2508 317 2592 τῆς
344 2504 549 2591 Ναυκράτους
581 2507 636 2569 καὶ
668 2504 752 2570 κατὰ
784 2506 839 2584 τοὶς
872 2504 1032 2592 διαθήκας
1064 2507 1119 2586 τοὶς
1152 2506 1297 2594 κειμένας
1330 2507 1362 2572 έν
1393 2511 1437 2591 τῷ

266 2610 338 2696 ἱερῷ
360 2610 416 2695 τῆς
433 2606 615 2695 Ἀφροδίτης
637 2611 692 2673 καὶ
713 2607 791 2695 παρ’
814 2608 973 2697 Εὐνομίδμ
995 2610 1039 2695 τῷ
1062 2609 1190 2696 ἄρχοντι
1210 2612 1267 2674 καὶ
1287 2610 1375 2695 παρὰ
1396 2614 1440 2694 τῷ

264 2712 449 2804 θεσμοθέτμ
472 2712 678 2798 Κτησιφῶντι.

220 2841 381 2909 Aedificia
413 2842 471 2907 illa
504 2848 577 2927 post
600 2840 707 2907 mariti
730 2846 865 2906 mortem
894 2840 937 2906 ad
965 2862 1100 2908 uxorem
1122 2841 1309 2927 pervenisse
1332 2838 1440 2905 viden·

221 2946 313 3032 tur‘).
351 2947 389 3012 In
418 2946 521 3011 altero
547 2944 672 3028 titulo⁶)
698 2944 843 3012 Nicerati
871 2965 1005 3010 uxorem
1031 2950 1182 3030 putamus
1207 2944 1440 3028 Hcgccratam:

221 3047 297 3115 huic
319 3048 411 3114 fundi
433 3048 488 3133 qui
516 3068 600 3113 nunc
627 3054 767 3113 veneunt
797 3047 831 3112 in
854 3046 961 3114 dotem
985 3053 1059 3113 sunt
1082 3046 1297 3133 oppignerari,
1330 3046 1442 3130 kyrios

223 3159 332 3218 autem
354 3153 382 3218 is
405 3151 521 3218 dicitur
544 3151 598 3235 qui
621 3149 696 3217 dcte
720 3152 841 3217 collata
863 3151 929 3216 iam
951 3150 993 3216 dc
1014 3151 1084 3217 iure
1107 3148 1277 3217 succedit.
1314 3148 1365 3214 Ab
1381 3149 1441 3214 hac

221 3256 382 3322 sententia
404 3255 534 3320 minime
556 3255 671 3320 tertius
685 3254 798 3320 titulus
814 3254 967 3321 abhorret
978 3253 1016 3337 “jz
1046 3274 1109 3338 quc
1124 3254 1196 3320 loco
1211 3258 1282 3318 utut
1293 3252 1442 3336 singulae

220 3378 272 3425 res
306 3378 376 3424 sese
409 3357 545 3442 habent,
579 3358 741 3424 Xenocles
774 3378 833 3443 pro
866 3379 965 3426 erano
998 3360 1039 3426 ab
1076 3359 1269 3442 Aristagcra
1305 3358 1441 3423 collecto

219 3460 390 3528 fideiussor
412 3460 563 3528 fiduciam
585 3467 634 3527 est
656 3460 807 3546 daturus,
841 3467 874 3528 et
896 3482 968 3528 cum
990 3461 1081 3528 fundi
1109 3462 1175 3527 iarn
1203 3461 1295 3527 uxori
1322 3460 1386 3526 sint
1408 3461 1442 3524 in

314 3754 335 3823 1)
371 3754 438 3808 vida
457 3769 545 3823 supra
561 3769 580 3821 p
599 3752 641 3807 36.

309 3840 332 3908 ²)
368 3839 405 3895 01
423 3840 457 3908 Π,
476 3840 545 3893 2347
562 3838 602 3909 g..

310 3928 331 3997 ³)
366 3927 451 3995 Rosa,
470 3927 550 3981 Inscr
568 3926 604 3995 ΙΙ,
624 3926 673 3980 126
694 3950 723 3973 =
742 3926 947 3998 Dittenberger
965 3926 1025 3999 Syll
1042 3928 1101 3981 437.
1139 3925 1182 3981 cfr
1200 3925 1442 3996 Dittenbergerin

93 3986 97 3993 .
222 4016 345 4071 Hermae
363 4014 412 4068 vol
430 4014 506 4082 XVI,
525 4012 585 4068 200.

310 4102 333 4170 ⁴)
369 4101 436 4155 vide
454 4099 530 4155 infra
547 4116 566 4169 p
588 4098 629 4154 53.

314 4191 335 4254 ὁ)
371 4186 581 4258 Dittenbergcr‚
600 4187 661 4259 Syll
678 4187 744 4260 4383
764 4187 809 4243 cfr
826 4188 957 4256 Dareum,
976 4187 1060 4244 Ncuv
1078 4201 1130 4242 rev
1148 4186 1206 4243 hist
1223 4187 1259 4245 de
1278 4186 1355 4242 droit
1366 4147 1442 4255 Vm,

223 4274 271 4330 391
294 4279 323 4330 ct
343 4290 431 4343 supra
448 4292 467 4344 p
486 4275 502 4329 9
522 4280 551 4331 et
568 4274 644 4331 infra
661 4292 688 4345 p.
707 4275 749 4330 51.

308 4361 330 4428 θ)
362 4357 486 4430 appara
504 4366 576 4432 έφημ
597 4363 677 4434 18623
697 4363 764 4418 vide
783 4378 871 4432 supra
888 4378 907 4431 p
925 4363 950 4417 9.
