<?xml version="1.0" encoding="UTF-8"?>
<!DOCTYPE html PUBLIC "-//W3C//DTD XHTML 1.0 Transitional//EN"
    "http://www.w3.org/TR/xhtml1/DTD/xhtml1-transitional.dtd">
<html xmlns="http://www.w3.org/1999/xhtml" xml:lang="en" lang="en">
 <head>
  <title>
</title>
<meta http-equiv="Content-Type" content="text/html;charset=utf-8" />
  <meta name='ocr-system' content='tesseract 3.04.00' />
  <meta name='ocr-capabilities' content='ocr_page ocr_carea ocr_par ocr_line ocrx_word'/>
</head>
<body>
  <div class='ocr_page' id='page_1' title='image "./henricilewydeci01lewygoog_0062.png"; bbox 0 0 3142 4950; ppageno 0'>
   <div class='ocr_carea' id='block_1_1' title="bbox 726 292 929 399">
    <p class='ocr_par' dir='ltr' id='par_1_1' title="bbox 726 292 929 399">
     <span class='ocr_line' id='line_1_1' title="bbox 726 292 929 399; baseline -0.025 1"><span class='ocrx_word' id='word_1_1' title='bbox 726 292 929 399; x_wconf 47' lang='lat' dir='ltr'>Aa„</span> 
     </span>
    </p>
   </div>
   <div class='ocr_carea' id='block_1_2' title="bbox 224 500 1448 2969">
    <p class='ocr_par' dir='ltr' id='par_1_2' title="bbox 224 500 1448 2969">
     <span class='ocr_line' id='line_1_2' title="bbox 272 500 1447 594; baseline -0.001 -24"><span class='ocrx_word' id='word_1_2' title='bbox 272 500 322 571; x_wconf 77' lang='grc' dir='ltr'>ἐπὶ</span> <span class='ocrx_word' id='word_1_3' title='bbox 346 504 466 593; x_wconf 79' lang='grc' dir='ltr'>ἐφόρων</span> <span class='ocrx_word' id='word_1_4' title='bbox 487 506 548 575; x_wconf 78' lang='grc' dir='ltr'>τῶν</span> <span class='ocrx_word' id='word_1_5' title='bbox 570 507 625 574; x_wconf 82' lang='grc' dir='ltr'>σὺν</span> <span class='ocrx_word' id='word_1_6' title='bbox 646 507 830 594; x_wconf 80' lang='grc' dir='ltr'>Φοιβοτὲλει</span> <span class='ocrx_word' id='word_1_7' title='bbox 850 506 927 571; x_wconf 80' lang='grc' dir='ltr'>τάδε</span> <span class='ocrx_word' id='word_1_8' title='bbox 949 506 1073 572; x_wconf 74' lang='grc' dir='ltr'>διέθετο</span> <span class='ocrx_word' id='word_1_9' title='bbox 1088 507 1203 574; x_wconf 82' lang='grc' dir='ltr'>νοοῦσα</span> <span class='ocrx_word' id='word_1_10' title='bbox 1217 506 1272 572; x_wconf 79' lang='grc' dir='ltr'>καὶ</span> <span class='ocrx_word' id='word_1_11' title='bbox 1287 503 1447 592; x_wconf 75' lang='grc' dir='ltr'>φρονοῦσα</span> 
     </span>
     <span class='ocr_line' id='line_1_3' title="bbox 261 603 1444 697; baseline -0.001 -23"><span class='ocrx_word' id='word_1_12' title='bbox 261 603 438 696; x_wconf 70' lang='grc' dir='ltr'>Ἐπικτήτα</span> <span class='ocrx_word' id='word_1_13' title='bbox 474 611 599 697; x_wconf 78' lang='grc' dir='ltr'>Γρίννου</span> <span class='ocrx_word' id='word_1_14' title='bbox 637 609 715 697; x_wconf 81' lang='grc' dir='ltr'>μετὰ</span> <span class='ocrx_word' id='word_1_15' title='bbox 751 610 859 696; x_wconf 81' lang='grc' dir='ltr'>κυρίου</span> <span class='ocrx_word' id='word_1_16' title='bbox 892 604 1090 696; x_wconf 77' lang='grc' dir='ltr'>Ύπερείδους</span> <span class='ocrx_word' id='word_1_17' title='bbox 1125 612 1179 676; x_wconf 83' lang='grc' dir='ltr'>τοῦ</span> <span class='ocrx_word' id='word_1_18' title='bbox 1208 609 1444 696; x_wconf 80' lang='grc' dir='ltr'>Θρασυλέοντος</span> 
     </span>
     <span class='ocr_line' id='line_1_4' title="bbox 266 705 1343 799; baseline -0.001 -21"><span class='ocrx_word' id='word_1_19' title='bbox 266 712 549 799; x_wconf 81' lang='grc' dir='ltr'>συνευαρεστουσας</span> <span class='ocrx_word' id='word_1_20' title='bbox 569 717 624 778; x_wconf 82' lang='grc' dir='ltr'>καὶ</span> <span class='ocrx_word' id='word_1_21' title='bbox 645 715 700 792; x_wconf 83' lang='grc' dir='ltr'>τᾶς</span> <span class='ocrx_word' id='word_1_22' title='bbox 722 711 880 798; x_wconf 73' lang='grc' dir='ltr'>θυγατρὸς</span> <span class='ocrx_word' id='word_1_23' title='bbox 897 705 1092 792; x_wconf 75' lang='grc' dir='ltr'>Ἐπιτελείας</span> <span class='ocrx_word' id='word_1_24' title='bbox 1113 716 1168 792; x_wconf 80' lang='grc' dir='ltr'>τᾶς</span> <span class='ocrx_word' id='word_1_25' title='bbox 1189 714 1343 792; x_wconf 79' lang='grc' dir='ltr'>Φοίνικος·</span> 
     </span>
     <span class='ocr_line' id='line_1_5' title="bbox 224 815 1445 900; baseline -0.001 -19"><span class='ocrx_word' id='word_1_26' title='bbox 224 815 298 881; x_wconf 90' lang='lat' dir='ltr'>Non</span> <span class='ocrx_word' id='word_1_27' title='bbox 318 815 405 881; x_wconf 86' lang='lat' dir='ltr'>filiae</span> <span class='ocrx_word' id='word_1_28' title='bbox 427 816 534 900; x_wconf 80' lang='lat' dir='ltr'>gratia</span> <span class='ocrx_word' id='word_1_29' title='bbox 555 815 592 880; x_wconf 94' lang='lat' dir='ltr'>fit</span> <span class='ocrx_word' id='word_1_30' title='bbox 613 822 851 897; x_wconf 88' lang='lat' dir='ltr'>testamentum,</span> <span class='ocrx_word' id='word_1_31' title='bbox 881 835 965 898; x_wconf 87' lang='lat' dir='ltr'>quae</span> <span class='ocrx_word' id='word_1_32' title='bbox 988 817 1085 883; x_wconf 84' lang='lat' dir='ltr'>etiam</span> <span class='ocrx_word' id='word_1_33' title='bbox 1107 819 1150 883; x_wconf 88' lang='lat' dir='ltr'>ab</span> <span class='ocrx_word' id='word_1_34' title='bbox 1172 817 1328 883; x_wconf 85' lang='lat' dir='ltr'>intestata</span> <span class='ocrx_word' id='word_1_35' title='bbox 1348 816 1445 881; x_wconf 93' lang='lat' dir='ltr'>heres</span> 
     </span>
     <span class='ocr_line' id='line_1_6' title="bbox 226 918 1443 1005; baseline 0 -23"><span class='ocrx_word' id='word_1_36' title='bbox 226 924 321 1002; x_wconf 87' lang='lat' dir='ltr'>esset,</span> <span class='ocrx_word' id='word_1_37' title='bbox 349 939 420 984; x_wconf 89' lang='lat' dir='ltr'>cum</span> <span class='ocrx_word' id='word_1_38' title='bbox 449 938 508 984; x_wconf 91' lang='lat' dir='ltr'>nec</span> <span class='ocrx_word' id='word_1_39' title='bbox 531 919 648 984; x_wconf 85' lang='lat' dir='ltr'>fratres</span> <span class='ocrx_word' id='word_1_40' title='bbox 677 918 707 983; x_wconf 93' lang='lat' dir='ltr'>ei</span> <span class='ocrx_word' id='word_1_41' title='bbox 734 919 799 984; x_wconf 88' lang='lat' dir='ltr'>siut</span> <span class='ocrx_word' id='word_1_42' title='bbox 820 937 880 983; x_wconf 89' lang='lat' dir='ltr'>nec</span> <span class='ocrx_word' id='word_1_43' title='bbox 909 921 1042 983; x_wconf 82' lang='lat' dir='ltr'><strong>fratrum</strong></span> <span class='ocrx_word' id='word_1_44' title='bbox 1070 919 1128 984; x_wconf 91' lang='lat' dir='ltr'>filii</span> <span class='ocrx_word' id='word_1_45' title='bbox 1157 920 1360 1005; x_wconf 82' lang='lat' dir='ltr'>superstites:</span> <span class='ocrx_word' id='word_1_46' title='bbox 1384 919 1443 984; x_wconf 92' lang='lat' dir='ltr'>sed</span> 
     </span>
     <span class='ocr_line' id='line_1_7' title="bbox 225 1019 1445 1107; baseline 0 -20"><span class='ocrx_word' id='word_1_47' title='bbox 225 1022 373 1088; x_wconf 81' lang='lat' dir='ltr'>societati</span> <span class='ocrx_word' id='word_1_48' title='bbox 405 1023 657 1107; x_wconf 90' lang='lat' dir='ltr'>propinquorum</span> <span class='ocrx_word' id='word_1_49' title='bbox 692 1022 795 1087; x_wconf 89' lang='lat' dir='ltr'>sacris</span> <span class='ocrx_word' id='word_1_50' title='bbox 828 1019 989 1086; x_wconf 86' lang='lat' dir='ltr'>faciundis</span> <span class='ocrx_word' id='word_1_51' title='bbox 1022 1021 1165 1104; x_wconf 82' lang='lat' dir='ltr'>legatum</span> <span class='ocrx_word' id='word_1_52' title='bbox 1188 1022 1369 1107; x_wconf 81' lang='lat' dir='ltr'>ascribitur,</span> <span class='ocrx_word' id='word_1_53' title='bbox 1403 1042 1445 1087; x_wconf 84' lang='lat' dir='ltr'>ao</span> 
     </span>
     <span class='ocr_line' id='line_1_8' title="bbox 224 1124 1445 1210; baseline 0 -22"><span class='ocrx_word' id='word_1_54' title='bbox 224 1125 339 1190; x_wconf 87' lang='lat' dir='ltr'>tutoris</span> <span class='ocrx_word' id='word_1_55' title='bbox 371 1145 453 1210; x_wconf 90' lang='lat' dir='ltr'>opus</span> <span class='ocrx_word' id='word_1_56' title='bbox 486 1131 534 1191; x_wconf 89' lang='lat' dir='ltr'>est</span> <span class='ocrx_word' id='word_1_57' title='bbox 566 1126 769 1207; x_wconf 86' lang='lat' dir='ltr'>auctoritate,</span> <span class='ocrx_word' id='word_1_58' title='bbox 803 1144 876 1189; x_wconf 90' lang='lat' dir='ltr'>cnm</span> <span class='ocrx_word' id='word_1_59' title='bbox 912 1125 1111 1189; x_wconf 86' lang='lat' dir='ltr'>consecratio</span> <span class='ocrx_word' id='word_1_60' title='bbox 1144 1145 1209 1190; x_wconf 92' lang='lat' dir='ltr'>non</span> <span class='ocrx_word' id='word_1_61' title='bbox 1242 1126 1293 1191; x_wconf 83' lang='lat' dir='ltr'>sit.</span> <span class='ocrx_word' id='word_1_62' title='bbox 1348 1124 1445 1202; x_wconf 78' lang='lat' dir='ltr'>Quod</span> 
     </span>
     <span class='ocr_line' id='line_1_9' title="bbox 225 1227 1444 1313; baseline -0.001 -20"><span class='ocrx_word' id='word_1_63' title='bbox 225 1228 384 1293; x_wconf 73' lang='lat' dir='ltr'>consentit</span> <span class='ocrx_word' id='word_1_64' title='bbox 410 1228 493 1313; x_wconf 83' lang='lat' dir='ltr'>filia,</span> <span class='ocrx_word' id='word_1_65' title='bbox 527 1228 555 1294; x_wconf 93' lang='lat' dir='ltr'>is</span> <span class='ocrx_word' id='word_1_66' title='bbox 587 1249 656 1295; x_wconf 93' lang='lat' dir='ltr'>mos</span> <span class='ocrx_word' id='word_1_67' title='bbox 690 1227 886 1293; x_wconf 79' lang='lat' dir='ltr'>Graecorum</span> <span class='ocrx_word' id='word_1_68' title='bbox 920 1233 980 1310; x_wconf 86' lang='lat' dir='ltr'>est,</span> <span class='ocrx_word' id='word_1_69' title='bbox 1012 1247 1053 1292; x_wconf 93' lang='lat' dir='ltr'>ne</span> <span class='ocrx_word' id='word_1_70' title='bbox 1072 1233 1302 1301; x_wconf 14' lang='lat' dir='ltr'>*testamentum</span> <span class='ocrx_word' id='word_1_71' title='bbox 1324 1228 1444 1313; x_wconf 89' lang='lat' dir='ltr'>impro-</span> 
     </span>
     <span class='ocr_line' id='line_1_10' title="bbox 224 1330 1445 1416; baseline 0.002 -21"><span class='ocrx_word' id='word_1_72' title='bbox 224 1331 318 1396; x_wconf 83' lang='lat' dir='ltr'>betur</span> <span class='ocrx_word' id='word_1_73' title='bbox 333 1338 406 1416; x_wconf 90' lang='lat' dir='ltr'>post</span> <span class='ocrx_word' id='word_1_74' title='bbox 407 1351 521 1398; x_wconf 84' lang='lat' dir='ltr'>ea.-</span> <span class='ocrx_word' id='word_1_75' title='bbox 478 1333 593 1398; x_wconf 92' lang='lat' dir='ltr'>-De</span> <span class='ocrx_word' id='word_1_76' title='bbox 607 1338 802 1398; x_wconf 83' lang='lat' dir='ltr'>testamento</span> <span class='ocrx_word' id='word_1_77' title='bbox 817 1330 925 1414; x_wconf 84' lang='lat' dir='ltr'>agitur</span> <span class='ocrx_word' id='word_1_78' title='bbox 938 1330 1085 1398; x_wconf 83' lang='lat' dir='ltr'>Theraeo</span> <span class='ocrx_word' id='word_1_79' title='bbox 1100 1333 1193 1399; x_wconf 90' lang='lat' dir='ltr'>titulo</span> <span class='ocrx_word' id='word_1_80' title='bbox 1211 1333 1258 1398; x_wconf 87' lang='lat' dir='ltr'>alt</span> <span class='ocrx_word' id='word_1_81' title='bbox 1245 1338 1325 1416; x_wconf 82' lang='lat' dir='ltr'>tero,</span> <span class='ocrx_word' id='word_1_82' title='bbox 1348 1351 1445 1414; x_wconf 90' lang='lat' dir='ltr'>quem</span> 
     </span>
     <span class='ocr_line' id='line_1_11' title="bbox 224 1432 918 1520; baseline 0.003 -22"><span class='ocrx_word' id='word_1_83' title='bbox 224 1432 399 1500; x_wconf 84' lang='lat' dir='ltr'>admodum</span> <span class='ocrx_word' id='word_1_84' title='bbox 421 1434 567 1501; x_wconf 89' lang='lat' dir='ltr'>dolemus</span> <span class='ocrx_word' id='word_1_85' title='bbox 589 1436 771 1501; x_wconf 88' lang='lat' dir='ltr'>mutilatum</span> <span class='ocrx_word' id='word_1_86' title='bbox 794 1454 878 1520; x_wconf 89' lang='lat' dir='ltr'>esse</span> <span class='ocrx_word' id='word_1_87' title='bbox 880 1436 918 1517; x_wconf 86' lang='lat'>¹:)</span> 
     </span>
     <span class='ocr_line' id='line_1_12' title="bbox 268 1535 1444 1625; baseline 0.003 -25"><span class='ocrx_word' id='word_1_88' title='bbox 268 1537 371 1617; x_wconf 77' lang='grc' dir='ltr'>ἓδοξ)ε</span> <span class='ocrx_word' id='word_1_89' title='bbox 356 1540 436 1624; x_wconf 85' lang='grc' dir='ltr'>ετῷ</span> <span class='ocrx_word' id='word_1_90' title='bbox 451 1540 558 1625; x_wconf 61' lang='lat' dir='ltr'>sordui</span> <span class='ocrx_word' id='word_1_91' title='bbox 573 1539 634 1605; x_wconf 81' lang='grc' dir='ltr'>τῶν</span> <span class='ocrx_word' id='word_1_92' title='bbox 646 1557 737 1574; x_wconf 85' lang='lat'><strong>·····</strong></span> <span class='ocrx_word' id='word_1_93' title='bbox 750 1537 879 1624; x_wconf 79' lang='grc' dir='ltr'>γνώμα</span> <span class='ocrx_word' id='word_1_94' title='bbox 893 1542 979 1623; x_wconf 82' lang='grc' dir='ltr'>)ρος</span> <span class='ocrx_word' id='word_1_95' title='bbox 1000 1538 1054 1602; x_wconf 84' lang='grc' dir='ltr'>τοῦ</span> <span class='ocrx_word' id='word_1_96' title='bbox 1077 1536 1169 1601; x_wconf 72' lang='grc' dir='ltr'>Πυθο</span> <span class='ocrx_word' id='word_1_97' title='bbox 1184 1558 1319 1573; x_wconf 89' lang='lat'><strong>·······</strong></span> <span class='ocrx_word' id='word_1_98' title='bbox 1334 1535 1444 1623; x_wconf 75' lang='grc' dir='ltr'>ἐπειδὴ</span> 
     </span>
     <span class='ocr_line' id='line_1_13' title="bbox 265 1639 1444 1727; baseline 0.001 -21.01"><span class='ocrx_word' id='word_1_99' title='bbox 265 1640 365 1727; x_wconf 63' lang='lat' dir='ltr'>’supp</span> <span class='ocrx_word' id='word_1_100' title='bbox 366 1664 387 1705; x_wconf 91' lang='grc' dir='ltr'>α</span> <span class='ocrx_word' id='word_1_101' title='bbox 410 1640 430 1705; x_wconf 83' lang='grc' dir='ltr'><em>ἁ</em></span> <span class='ocrx_word' id='word_1_102' title='bbox 452 1641 615 1722; x_wconf 55' lang='lat' dir='ltr'>diodor</span> <span class='ocrx_word' id='word_1_103' title='bbox 629 1641 747 1721; x_wconf 84' lang='grc' dir='ltr'>·)δοξυς</span> <span class='ocrx_word' id='word_1_104' title='bbox 775 1639 855 1705; x_wconf 81' lang='grc' dir='ltr'>οὖσα</span> <span class='ocrx_word' id='word_1_105' title='bbox 882 1641 937 1704; x_wconf 81' lang='grc' dir='ltr'>καὶ</span> <span class='ocrx_word' id='word_1_106' title='bbox 959 1640 1020 1726; x_wconf 86' lang='grc' dir='ltr'>δηλ</span> <span class='ocrx_word' id='word_1_107' title='bbox 1033 1660 1146 1677; x_wconf 85' lang='lat'><strong>······</strong></span> <span class='ocrx_word' id='word_1_108' title='bbox 1157 1641 1213 1719; x_wconf 82' lang='grc' dir='ltr'>τᾶς</span> <span class='ocrx_word' id='word_1_109' title='bbox 1242 1642 1318 1720; x_wconf 81' lang='grc' dir='ltr'>ἰδίας</span> <span class='ocrx_word' id='word_1_110' title='bbox 1346 1642 1444 1707; x_wconf 90' lang='grc' dir='ltr'>καλο-</span> 
     </span>
     <span class='ocr_line' id='line_1_14' title="bbox 268 1738 1445 1831; baseline 0 -22"><span class='ocrx_word' id='word_1_111' title='bbox 268 1745 473 1831; x_wconf 73' lang='grc' dir='ltr'>καγαθίαςμ</span> <span class='ocrx_word' id='word_1_112' title='bbox 485 1765 599 1781; x_wconf 89' lang='lat'><strong>······</strong></span> <span class='ocrx_word' id='word_1_113' title='bbox 623 1738 791 1809; x_wconf 75' lang='grc' dir='ltr'>ἀπολεῖπον</span> <span class='ocrx_word' id='word_1_114' title='bbox 813 1745 844 1821; x_wconf 78' lang='grc' dir='ltr'>ἐς</span> <span class='ocrx_word' id='word_1_115' title='bbox 865 1742 967 1809; x_wconf 82' lang='grc' dir='ltr'>πάντα</span> <span class='ocrx_word' id='word_1_116' title='bbox 994 1743 1047 1809; x_wconf 83' lang='grc' dir='ltr'>τὸν</span> <span class='ocrx_word' id='word_1_117' title='bbox 1074 1742 1187 1829; x_wconf 83' lang='grc' dir='ltr'>χρόνον</span> <span class='ocrx_word' id='word_1_118' title='bbox 1217 1745 1445 1831; x_wconf 75' lang='grc' dir='ltr'>ἐπαγγέλλεται</span> 
     </span>
     <span class='ocr_line' id='line_1_15' title="bbox 267 1846 854 1934; baseline -0.002 -23"><span class='ocrx_word' id='word_1_119' title='bbox 267 1848 309 1933; x_wconf 80' lang='grc' dir='ltr'>τῷ</span> <span class='ocrx_word' id='word_1_120' title='bbox 332 1849 425 1933; x_wconf 86' lang='grc' dir='ltr'>κοινῷ</span> <span class='ocrx_word' id='word_1_121' title='bbox 448 1846 592 1934; x_wconf 85' lang='grc' dir='ltr'>δραχμὰς</span> <span class='ocrx_word' id='word_1_122' title='bbox 612 1846 828 1924; x_wconf 81' lang='grc' dir='ltr'>πεντακοσίας.</span> <span class='ocrx_word' id='word_1_123' title='bbox 845 1866 854 1893; x_wconf 70' lang='lat'><strong>⁹</strong></span> 
     </span>
     <span class='ocr_line' id='line_1_16' title="bbox 224 1950 1445 2036; baseline 0.003 -22"><span class='ocrx_word' id='word_1_124' title='bbox 224 1950 277 2014; x_wconf 84' lang='lat' dir='ltr'>Ad</span> <span class='ocrx_word' id='word_1_125' title='bbox 292 1971 387 2017; x_wconf 86' lang='lat' dir='ltr'>sacra</span> <span class='ocrx_word' id='word_1_126' title='bbox 401 1951 552 2018; x_wconf 87' lang='lat' dir='ltr'>facienda</span> <span class='ocrx_word' id='word_1_127' title='bbox 568 1953 696 2017; x_wconf 89' lang='lat' dir='ltr'>cuidam</span> <span class='ocrx_word' id='word_1_128' title='bbox 711 1951 861 2018; x_wconf 89' lang='lat' dir='ltr'>societati</span> <span class='ocrx_word' id='word_1_129' title='bbox 875 1950 977 2034; x_wconf 83' lang='lat' dir='ltr'>Argia</span> <span class='ocrx_word' id='word_1_130' title='bbox 994 1952 1164 2036; x_wconf 86' lang='lat' dir='ltr'>pecuniam</span> <span class='ocrx_word' id='word_1_131' title='bbox 1176 1950 1247 2017; x_wconf 85' lang='lat' dir='ltr'>dat:</span> <span class='ocrx_word' id='word_1_132' title='bbox 1266 1953 1445 2019; x_wconf 88' lang='lat' dir='ltr'>auctoritas</span> 
     </span>
     <span class='ocr_line' id='line_1_17' title="bbox 226 2054 1446 2142; baseline 0.004 -25"><span class='ocrx_word' id='word_1_133' title='bbox 226 2055 340 2119; x_wconf 86' lang='lat' dir='ltr'>tutoris</span> <span class='ocrx_word' id='word_1_134' title='bbox 373 2055 520 2138; x_wconf 85' lang='lat' dir='ltr'>quamvis</span> <span class='ocrx_word' id='word_1_135' title='bbox 553 2054 753 2120; x_wconf 88' lang='lat' dir='ltr'>desideretur</span> <span class='ocrx_word' id='word_1_136' title='bbox 786 2055 820 2118; x_wconf 91' lang='lat' dir='ltr'>in</span> <span class='ocrx_word' id='word_1_137' title='bbox 853 2059 1062 2139; x_wconf 84' lang='lat' dir='ltr'>testamento,</span> <span class='ocrx_word' id='word_1_138' title='bbox 1095 2073 1159 2119; x_wconf 90' lang='lat' dir='ltr'>non</span> <span class='ocrx_word' id='word_1_139' title='bbox 1192 2059 1301 2120; x_wconf 91' lang='lat' dir='ltr'>tamen</span> <span class='ocrx_word' id='word_1_140' title='bbox 1337 2056 1446 2142; x_wconf 90' lang='lat' dir='ltr'>ipsum</span> 
     </span>
     <span class='ocr_line' id='line_1_18' title="bbox 226 2155 1447 2243; baseline 0.003 -22"><span class='ocrx_word' id='word_1_141' title='bbox 226 2163 453 2223; x_wconf 84' lang='lat' dir='ltr'>testamentum</span> <span class='ocrx_word' id='word_1_142' title='bbox 486 2165 535 2224; x_wconf 85' lang='lat' dir='ltr'>est</span> <span class='ocrx_word' id='word_1_143' title='bbox 566 2159 618 2224; x_wconf 91' lang='lat' dir='ltr'>hic</span> <span class='ocrx_word' id='word_1_144' title='bbox 651 2159 771 2243; x_wconf 82' lang='lat' dir='ltr'>titulus,</span> <span class='ocrx_word' id='word_1_145' title='bbox 807 2177 907 2241; x_wconf 87' lang='lat' dir='ltr'>quare</span> <span class='ocrx_word' id='word_1_146' title='bbox 940 2155 1122 2223; x_wconf 84' lang='lat' dir='ltr'>mirandum</span> <span class='ocrx_word' id='word_1_147' title='bbox 1155 2157 1244 2224; x_wconf 89' lang='lat' dir='ltr'>nibil.</span> <span class='ocrx_word' id='word_1_148' title='bbox 1278 2197 1320 2207; x_wconf 90' lang='lat'><em>-</em></span> <span class='ocrx_word' id='word_1_149' title='bbox 1353 2160 1447 2225; x_wconf 80' lang='lat' dir='ltr'>Com-</span> 
     </span>
     <span class='ocr_line' id='line_1_19' title="bbox 226 2259 1445 2346; baseline 0.002 -22"><span class='ocrx_word' id='word_1_150' title='bbox 226 2269 421 2326; x_wconf 87' lang='lat' dir='ltr'>memoratur</span> <span class='ocrx_word' id='word_1_151' title='bbox 442 2268 669 2328; x_wconf 85' lang='lat' dir='ltr'>testamentum</span> <span class='ocrx_word' id='word_1_152' title='bbox 692 2262 832 2327; x_wconf 88' lang='lat' dir='ltr'>feminae</span> <span class='ocrx_word' id='word_1_153' title='bbox 853 2262 886 2326; x_wconf 91' lang='lat' dir='ltr'>in</span> <span class='ocrx_word' id='word_1_154' title='bbox 908 2261 1002 2327; x_wconf 86' lang='lat' dir='ltr'>titulo</span> <span class='ocrx_word' id='word_1_155' title='bbox 1017 2259 1160 2344; x_wconf 81' lang='lat' dir='ltr'>Phrygio</span> <span class='ocrx_word' id='word_1_156' title='bbox 1173 2260 1198 2346; x_wconf 68' lang='grc'>2)</span> <span class='ocrx_word' id='word_1_157' title='bbox 1221 2262 1275 2328; x_wconf 92' lang='lat' dir='ltr'>ubi</span> <span class='ocrx_word' id='word_1_158' title='bbox 1290 2262 1445 2346; x_wconf 81' lang='lat' dir='ltr'>legimus:</span> 
     </span>
     <span class='ocr_line' id='line_1_20' title="bbox 270 2359 1447 2451; baseline 0.003 -24"><span class='ocrx_word' id='word_1_159' title='bbox 270 2364 312 2441; x_wconf 80' lang='grc' dir='ltr'>εἰς</span> <span class='ocrx_word' id='word_1_160' title='bbox 334 2362 350 2427; x_wconf 83' lang='grc' dir='ltr'>ὃ</span> <span class='ocrx_word' id='word_1_161' title='bbox 373 2365 484 2449; x_wconf 80' lang='grc' dir='ltr'>χρῆμα</span> <span class='ocrx_word' id='word_1_162' title='bbox 511 2367 566 2430; x_wconf 81' lang='grc' dir='ltr'>καὶ</span> <span class='ocrx_word' id='word_1_163' title='bbox 593 2363 677 2429; x_wconf 82' lang='grc' dir='ltr'>κατὰ</span> <span class='ocrx_word' id='word_1_164' title='bbox 705 2363 761 2450; x_wconf 71' lang='grc' dir='ltr'>τήν</span> <span class='ocrx_word' id='word_1_165' title='bbox 783 2364 910 2448; x_wconf 72' lang='grc' dir='ltr'>ἐντολὴν</span> <span class='ocrx_word' id='word_1_166' title='bbox 937 2364 997 2429; x_wconf 80' lang='grc' dir='ltr'>τῶν</span> <span class='ocrx_word' id='word_1_167' title='bbox 1025 2361 1142 2429; x_wconf 80' lang='grc' dir='ltr'>τέκνιυν</span> <span class='ocrx_word' id='word_1_168' title='bbox 1170 2360 1314 2451; x_wconf 75' lang='grc' dir='ltr'>ὃπατήρ</span> <span class='ocrx_word' id='word_1_169' title='bbox 1343 2359 1447 2432; x_wconf 77' lang='grc' dir='ltr'>αὐτῶν</span> 
     </span>
     <span class='ocr_line' id='line_1_21' title="bbox 267 2461 1447 2556; baseline 0.001 -24"><span class='ocrx_word' id='word_1_170' title='bbox 267 2467 474 2555; x_wconf 67' lang='grc' dir='ltr'>Δημοσθένης</span> <span class='ocrx_word' id='word_1_171' title='bbox 491 2461 750 2555; x_wconf 82' lang='grc' dir='ltr'>Ἀπολλοφάνους</span> <span class='ocrx_word' id='word_1_172' title='bbox 772 2465 968 2554; x_wconf 79' lang='grc' dir='ltr'>Τηλεφιανὸς</span> <span class='ocrx_word' id='word_1_173' title='bbox 994 2468 1049 2532; x_wconf 83' lang='grc' dir='ltr'>καὶ</span> <span class='ocrx_word' id='word_1_174' title='bbox 1063 2465 1201 2555; x_wconf 67' lang='lat' dir='ltr'>’Appios</span> <span class='ocrx_word' id='word_1_175' title='bbox 1222 2466 1447 2556; x_wconf 67' lang='grc' dir='ltr'>Δημοσθένους</span> 
     </span>
     <span class='ocr_line' id='line_1_22' title="bbox 269 2570 1448 2659; baseline 0.001 -23"><span class='ocrx_word' id='word_1_176' title='bbox 269 2570 290 2656; x_wconf 77' lang='grc' dir='ltr'>ἡ</span> <span class='ocrx_word' id='word_1_177' title='bbox 315 2570 417 2658; x_wconf 73' lang='grc' dir='ltr'>μήτηρ</span> <span class='ocrx_word' id='word_1_178' title='bbox 440 2571 540 2639; x_wconf 81' lang='grc' dir='ltr'>αὐτῶν</span> <span class='ocrx_word' id='word_1_179' title='bbox 555 2575 587 2640; x_wconf 81' lang='grc' dir='ltr'>ἐν</span> <span class='ocrx_word' id='word_1_180' title='bbox 603 2574 650 2651; x_wconf 76' lang='grc' dir='ltr'>αἶς</span> <span class='ocrx_word' id='word_1_181' title='bbox 670 2574 779 2639; x_wconf 66' lang='grc' dir='ltr'>ἔθεντο</span> <span class='ocrx_word' id='word_1_182' title='bbox 795 2571 966 2658; x_wconf 72' lang='grc' dir='ltr'>διαθήκαις</span> <span class='ocrx_word' id='word_1_183' title='bbox 987 2570 1154 2638; x_wconf 80' lang='grc' dir='ltr'>κατέλιπον</span> <span class='ocrx_word' id='word_1_184' title='bbox 1175 2573 1278 2658; x_wconf 79' lang='grc' dir='ltr'>χωρία</span> <span class='ocrx_word' id='word_1_185' title='bbox 1299 2573 1448 2659; x_wconf 71' lang='grc' dir='ltr'>τῇπόλει</span> 
     </span>
     <span class='ocr_line' id='line_1_23' title="bbox 266 2675 552 2763; baseline 0.01 -25"><span class='ocrx_word' id='word_1_186' title='bbox 266 2675 452 2763; x_wconf 80' lang='grc' dir='ltr'>προςνέμειν.</span> <span class='ocrx_word' id='word_1_187' title='bbox 549 2705 552 2714; x_wconf 95' lang='grc'><em>·</em></span> 
     </span>
     <span class='ocr_line' id='line_1_24' title="bbox 225 2780 1447 2866; baseline 0.002 -22"><span class='ocrx_word' id='word_1_188' title='bbox 225 2782 376 2845; x_wconf 84' lang='lat' dir='ltr'>Attamen</span> <span class='ocrx_word' id='word_1_189' title='bbox 398 2800 459 2846; x_wconf 89' lang='lat' dir='ltr'>nec</span> <span class='ocrx_word' id='word_1_190' title='bbox 480 2780 586 2866; x_wconf 90' lang='lat' dir='ltr'>ipsum</span> <span class='ocrx_word' id='word_1_191' title='bbox 608 2787 671 2846; x_wconf 90' lang='lat' dir='ltr'>test</span> <span class='ocrx_word' id='word_1_192' title='bbox 658 2787 836 2845; x_wconf 80' lang='lat' dir='ltr'>tomentum</span> <span class='ocrx_word' id='word_1_193' title='bbox 859 2786 956 2846; x_wconf 89' lang='lat' dir='ltr'>estu</span> <span class='ocrx_word' id='word_1_194' title='bbox 957 2786 1097 2866; x_wconf 85' lang='lat' dir='ltr'>tsnpra</span> <span class='ocrx_word' id='word_1_195' title='bbox 1131 2787 1163 2845; x_wconf 89' lang='lat' dir='ltr'>et</span> <span class='ocrx_word' id='word_1_196' title='bbox 1195 2781 1312 2846; x_wconf 87' lang='lat' dir='ltr'>marito</span> <span class='ocrx_word' id='word_1_197' title='bbox 1334 2781 1447 2846; x_wconf 88' lang='lat' dir='ltr'>nescio</span> 
     </span>
     <span class='ocr_line' id='line_1_25' title="bbox 226 2883 1141 2969; baseline 0 -21"><span class='ocrx_word' id='word_1_198' title='bbox 226 2904 268 2949; x_wconf 90' lang='lat' dir='ltr'>an</span> <span class='ocrx_word' id='word_1_199' title='bbox 291 2884 465 2969; x_wconf 86' lang='lat' dir='ltr'>superstite</span> <span class='ocrx_word' id='word_1_200' title='bbox 486 2904 578 2950; x_wconf 91' lang='lat' dir='ltr'>suum</span> <span class='ocrx_word' id='word_1_201' title='bbox 600 2885 784 2950; x_wconf 83' lang='lat' dir='ltr'>Ammiont</span> <span class='ocrx_word' id='word_1_202' title='bbox 770 2890 820 2949; x_wconf 88' lang='lat' dir='ltr'>tes</span> <span class='ocrx_word' id='word_1_203' title='bbox 821 2889 943 2949; x_wconf 85' lang='lat' dir='ltr'>ttamen</span> <span class='ocrx_word' id='word_1_204' title='bbox 944 2904 997 2949; x_wconf 91' lang='lat' dir='ltr'>nm</span> <span class='ocrx_word' id='word_1_205' title='bbox 1020 2883 1141 2950; x_wconf 85' lang='lat' dir='ltr'>fecerit.</span> 
     </span>
    </p>
   </div>
   <div class='ocr_carea' id='block_1_3' title="bbox 588 3039 1082 3125">
    <p class='ocr_par' dir='ltr' id='par_1_3' title="bbox 588 3039 1082 3125">
     <span class='ocr_line' id='line_1_26' title="bbox 588 3039 1082 3125; baseline -0.002 -16"><span class='ocrx_word' id='word_1_206' title='bbox 588 3041 622 3109; x_wconf 87' lang='grc' dir='ltr'>Β.</span> <span class='ocrx_word' id='word_1_207' title='bbox 659 3039 703 3110; x_wconf 79' lang='lat' dir='ltr'>be</span> <span class='ocrx_word' id='word_1_208' title='bbox 725 3039 898 3109; x_wconf 80' lang='lat' dir='ltr'>heredibus</span> <span class='ocrx_word' id='word_1_209' title='bbox 921 3039 1082 3125; x_wconf 72' lang='lat' dir='ltr'>tonitruis.</span> 
     </span>
    </p>
   </div>
   <div class='ocr_carea' id='block_1_4' title="bbox 395 3161 1276 3375">
    <p class='ocr_par' dir='ltr' id='par_1_4' title="bbox 395 3161 1276 3375">
     <span class='ocr_line' id='line_1_27' title="bbox 537 3161 1133 3236; baseline -0.003 0"><span class='ocrx_word' id='word_1_210' title='bbox 537 3168 570 3236; x_wconf 90' lang='lat'>1.</span> <span class='ocrx_word' id='word_1_211' title='bbox 620 3161 685 3235; x_wconf 92' lang='lat' dir='ltr'>De</span> <span class='ocrx_word' id='word_1_212' title='bbox 721 3161 1133 3236; x_wconf 77' lang='lat' dir='ltr'>descendentibus</span> 
     </span>
     <span class='ocr_line' id='line_1_28' title="bbox 395 3288 1276 3375; baseline -0.005 -15"><span class='ocrx_word' id='word_1_213' title='bbox 395 3289 480 3360; x_wconf 88' lang='lat' dir='ltr'>Num</span> <span class='ocrx_word' id='word_1_214' title='bbox 503 3291 633 3357; x_wconf 84' lang='lat' dir='ltr'>filiabus</span> <span class='ocrx_word' id='word_1_215' title='bbox 655 3311 720 3357; x_wconf 88' lang='lat' dir='ltr'>nna</span> <span class='ocrx_word' id='word_1_216' title='bbox 742 3312 814 3357; x_wconf 87' lang='lat' dir='ltr'>cum</span> <span class='ocrx_word' id='word_1_217' title='bbox 835 3291 910 3356; x_wconf 91' lang='lat' dir='ltr'>filiis</span> <span class='ocrx_word' id='word_1_218' title='bbox 933 3288 1098 3356; x_wconf 87' lang='lat' dir='ltr'>hereditas</span> <span class='ocrx_word' id='word_1_219' title='bbox 1120 3291 1276 3375; x_wconf 83' lang='lat' dir='ltr'>obtingat.</span> 
     </span>
    </p>
   </div>
   <div class='ocr_carea' id='block_1_5' title="bbox 225 3411 1466 3706">
    <p class='ocr_par' dir='ltr' id='par_1_5' title="bbox 225 3411 1466 3706">
     <span class='ocr_line' id='line_1_29' title="bbox 313 3411 1466 3499; baseline 0.001 -21"><span class='ocrx_word' id='word_1_220' title='bbox 313 3411 448 3479; x_wconf 82' lang='lat' dir='ltr'>Athenis</span> <span class='ocrx_word' id='word_1_221' title='bbox 459 3413 484 3499; x_wconf 75' lang='grc'>3)</span> <span class='ocrx_word' id='word_1_222' title='bbox 511 3412 570 3478; x_wconf 90' lang='lat' dir='ltr'>filii</span> <span class='ocrx_word' id='word_1_223' title='bbox 592 3414 634 3478; x_wconf 89' lang='lat' dir='ltr'>ab</span> <span class='ocrx_word' id='word_1_224' title='bbox 657 3412 837 3478; x_wconf 85' lang='lat' dir='ltr'>hereditate</span> <span class='ocrx_word' id='word_1_225' title='bbox 865 3411 1040 3477; x_wconf 88' lang='lat' dir='ltr'>excludunt</span> <span class='ocrx_word' id='word_1_226' title='bbox 1066 3411 1165 3478; x_wconf 88' lang='lat' dir='ltr'>filias:</span> <span class='ocrx_word' id='word_1_227' title='bbox 1193 3412 1309 3494; x_wconf 90' lang='lat' dir='ltr'>quibus</span> <span class='ocrx_word' id='word_1_228' title='bbox 1335 3419 1466 3480; x_wconf 86' lang='lat' dir='ltr'>tamen·</span> 
     </span>
     <span class='ocr_line' id='line_1_30' title="bbox 228 3515 1451 3602; baseline 0 -20"><span class='ocrx_word' id='word_1_229' title='bbox 228 3516 369 3583; x_wconf 90' lang='lat' dir='ltr'>nondum</span> <span class='ocrx_word' id='word_1_230' title='bbox 391 3515 499 3602; x_wconf 86' lang='lat' dir='ltr'>nuptis</span> <span class='ocrx_word' id='word_1_231' title='bbox 521 3522 577 3582; x_wconf 87' lang='lat' dir='ltr'>aut</span> <span class='ocrx_word' id='word_1_232' title='bbox 598 3535 657 3601; x_wconf 91' lang='lat' dir='ltr'>per</span> <span class='ocrx_word' id='word_1_233' title='bbox 679 3521 907 3581; x_wconf 87' lang='lat' dir='ltr'>testamentum</span> <span class='ocrx_word' id='word_1_234' title='bbox 929 3522 1023 3602; x_wconf 88' lang='lat' dir='ltr'>pater</span> <span class='ocrx_word' id='word_1_235' title='bbox 1044 3521 1101 3581; x_wconf 87' lang='lat' dir='ltr'>aut</span> <span class='ocrx_word' id='word_1_236' title='bbox 1122 3522 1196 3601; x_wconf 91' lang='lat' dir='ltr'>post</span> <span class='ocrx_word' id='word_1_237' title='bbox 1218 3516 1287 3581; x_wconf 91' lang='lat' dir='ltr'>eius</span> <span class='ocrx_word' id='word_1_238' title='bbox 1309 3523 1451 3583; x_wconf 86' lang='lat' dir='ltr'>mortem</span> 
     </span>
     <span class='ocr_line' id='line_1_31' title="bbox 225 3617 1451 3706; baseline 0 -20"><span class='ocrx_word' id='word_1_239' title='bbox 225 3621 319 3687; x_wconf 87' lang='lat' dir='ltr'>heres</span> <span class='ocrx_word' id='word_1_240' title='bbox 336 3618 443 3686; x_wconf 92' lang='lat' dir='ltr'>dotem</span> <span class='ocrx_word' id='word_1_241' title='bbox 466 3619 574 3686; x_wconf 81' lang='lat' dir='ltr'>dicere</span> <span class='ocrx_word' id='word_1_242' title='bbox 595 3619 677 3685; x_wconf 88' lang='lat' dir='ltr'>solet</span> <span class='ocrx_word' id='word_1_243' title='bbox 690 3618 724 3703; x_wconf 81' lang='lat'>⁴),</span> <span class='ocrx_word' id='word_1_244' title='bbox 747 3625 845 3703; x_wconf 87' lang='lat' dir='ltr'>atque</span> <span class='ocrx_word' id='word_1_245' title='bbox 865 3620 913 3685; x_wconf 90' lang='lat' dir='ltr'>ita</span> <span class='ocrx_word' id='word_1_246' title='bbox 933 3617 1123 3706; x_wconf 80' lang='grc' dir='ltr'>κληρονόμοι</span> <span class='ocrx_word' id='word_1_247' title='bbox 1137 3640 1200 3685; x_wconf 86' lang='lat' dir='ltr'>vox</span> <span class='ocrx_word' id='word_1_248' title='bbox 1214 3619 1451 3706; x_wconf 80' lang='lat' dir='ltr'>intellegenda,</span> 
     </span>
    </p>
   </div>
   <div class='ocr_carea' id='block_1_6' title="bbox 224 3746 427 3754">
    <p class='ocr_par' dir='ltr' id='par_1_6' title="bbox 224 3746 427 3754">
     <span class='ocr_line' id='line_1_32' title="bbox 224 3746 427 3754; baseline -0.01 0"><span class='ocrx_word' id='word_1_249' title='bbox 224 3746 427 3754; x_wconf 60' lang='grc' dir='ltr'>....------------.-Μ</span> 
     </span>
    </p>
   </div>
   <div class='ocr_carea' id='block_1_7' title="bbox 227 3791 1449 4110">
    <p class='ocr_par' dir='ltr' id='par_1_7' title="bbox 315 3791 682 3865">
     <span class='ocr_line' id='line_1_33' title="bbox 315 3791 682 3865; baseline -0.008 -17"><span class='ocrx_word' id='word_1_250' title='bbox 315 3795 335 3865; x_wconf 91' lang='grc'>1)</span> <span class='ocrx_word' id='word_1_251' title='bbox 370 3794 454 3862; x_wconf 83' lang='lat' dir='ltr'>Ross,</span> <span class='ocrx_word' id='word_1_252' title='bbox 472 3791 604 3860; x_wconf 78' lang='grc' dir='ltr'>ΙιιιυιΙΙ,</span> <span class='ocrx_word' id='word_1_253' title='bbox 624 3791 682 3846; x_wconf 87' lang='grc'><strong>198.</strong></span> 
     </span>
    </p>

    <p class='ocr_par' dir='ltr' id='par_1_8' title="bbox 313 3877 1056 3950">
     <span class='ocr_line' id='line_1_34' title="bbox 313 3877 1056 3950; baseline -0.003 -15"><span class='ocrx_word' id='word_1_254' title='bbox 313 3882 348 3950; x_wconf 56' lang='grc'>1),</span> <span class='ocrx_word' id='word_1_255' title='bbox 373 3879 409 3935; x_wconf 80' lang='lat'>01</span> <span class='ocrx_word' id='word_1_256' title='bbox 426 3881 474 3949; x_wconf 85' lang='lat'>111,</span> <span class='ocrx_word' id='word_1_257' title='bbox 491 3878 713 3949; x_wconf 58' lang='lat' dir='ltr'>38473=Le</span> <span class='ocrx_word' id='word_1_258' title='bbox 731 3879 799 3948; x_wconf 87' lang='lat' dir='ltr'>Bas,</span> <span class='ocrx_word' id='word_1_259' title='bbox 817 3877 887 3934; x_wconf 87' lang='lat' dir='ltr'>Asic</span> <span class='ocrx_word' id='word_1_260' title='bbox 906 3880 962 3934; x_wconf 90' lang='lat' dir='ltr'>min</span> <span class='ocrx_word' id='word_1_261' title='bbox 982 3879 1056 3933; x_wconf 79' lang='lat'>1006.</span> 
     </span>
    </p>

    <p class='ocr_par' dir='ltr' id='par_1_9' title="bbox 227 3964 1449 4110">
     <span class='ocr_line' id='line_1_35' title="bbox 314 3964 1449 4038; baseline 0 -16"><span class='ocrx_word' id='word_1_262' title='bbox 314 3970 335 4038; x_wconf 64' lang='grc'>3)</span> <span class='ocrx_word' id='word_1_263' title='bbox 370 3968 414 4022; x_wconf 90' lang='lat' dir='ltr'>De</span> <span class='ocrx_word' id='word_1_264' title='bbox 431 3968 493 4021; x_wconf 89' lang='lat' dir='ltr'>iure</span> <span class='ocrx_word' id='word_1_265' title='bbox 510 3965 725 4021; x_wconf 88' lang='lat' dir='ltr'>Atheniensium</span> <span class='ocrx_word' id='word_1_266' title='bbox 742 3980 833 4035; x_wconf 85' lang='lat' dir='ltr'>nuper</span> <span class='ocrx_word' id='word_1_267' title='bbox 850 3971 984 4021; x_wconf 83' lang='lat' dir='ltr'>accurate</span> <span class='ocrx_word' id='word_1_268' title='bbox 1004 3965 1118 4035; x_wconf 86' lang='lat' dir='ltr'>scripsit</span> <span class='ocrx_word' id='word_1_269' title='bbox 1136 3964 1300 4021; x_wconf 78' lang='lat' dir='ltr'>caillemer.</span> <span class='ocrx_word' id='word_1_270' title='bbox 1328 3966 1393 4022; x_wconf 87' lang='lat' dir='ltr'>Rev</span> <span class='ocrx_word' id='word_1_271' title='bbox 1406 3965 1449 4023; x_wconf 85' lang='lat' dir='ltr'>de</span> 
     </span>
     <span class='ocr_line' id='line_1_36' title="bbox 227 4035 1122 4110; baseline -0.007 -16"><span class='ocrx_word' id='word_1_272' title='bbox 227 4040 310 4110; x_wconf 80' lang='lat' dir='ltr'>legrsl</span> <span class='ocrx_word' id='word_1_273' title='bbox 329 4054 382 4093; x_wconf 87' lang='lat' dir='ltr'>ano</span> <span class='ocrx_word' id='word_1_274' title='bbox 401 4041 431 4092; x_wconf 87' lang='lat' dir='ltr'>et</span> <span class='ocrx_word' id='word_1_275' title='bbox 448 4038 515 4091; x_wconf 92' lang='lat' dir='ltr'>mod</span> <span class='ocrx_word' id='word_1_276' title='bbox 535 4037 611 4106; x_wconf 87' lang='grc'><strong>1874,</strong></span> <span class='ocrx_word' id='word_1_277' title='bbox 628 4037 730 4107; x_wconf 83' lang='lat' dir='ltr'>p1333</span> <span class='ocrx_word' id='word_1_278' title='bbox 751 4036 817 4091; x_wconf 87' lang='grc'><strong>1875</strong></span> <span class='ocrx_word' id='word_1_279' title='bbox 820 4040 911 4106; x_wconf 81' lang='lat' dir='ltr'>,3pl</span> <span class='ocrx_word' id='word_1_280' title='bbox 932 4036 1007 4106; x_wconf 87' lang='grc'><strong>1876,</strong></span> <span class='ocrx_word' id='word_1_281' title='bbox 1025 4035 1122 4105; x_wconf 83' lang='lat' dir='ltr'>po49.</span> 
     </span>
    </p>
   </div>
   <div class='ocr_carea' id='block_1_8' title="bbox 222 4120 1451 4407">
    <p class='ocr_par' dir='ltr' id='par_1_10' title="bbox 222 4120 1451 4407">
     <span class='ocr_line' id='line_1_37' title="bbox 311 4120 1442 4211; baseline -0.002 -32.977"><span class='ocrx_word' id='word_1_282' title='bbox 311 4127 334 4211; x_wconf 86' lang='lat'>⁴)</span> <span class='ocrx_word' id='word_1_283' title='bbox 369 4126 433 4179; x_wconf 86' lang='lat' dir='ltr'>Isae</span> <span class='ocrx_word' id='word_1_284' title='bbox 455 4125 503 4193; x_wconf 89' lang='lat' dir='ltr'>VI,</span> <span class='ocrx_word' id='word_1_285' title='bbox 521 4125 567 4179; x_wconf 79' lang='lat'>46:</span> <span class='ocrx_word' id='word_1_286' title='bbox 595 4129 702 4193; x_wconf 78' lang='grc' dir='ltr'>γνησίου</span> <span class='ocrx_word' id='word_1_287' title='bbox 728 4123 806 4188; x_wconf 82' lang='grc' dir='ltr'>ὄντος</span> <span class='ocrx_word' id='word_1_288' title='bbox 832 4128 903 4188; x_wconf 67' lang='grc' dir='ltr'>υἱέος</span> <span class='ocrx_word' id='word_1_289' title='bbox 930 4140 981 4176; x_wconf 90' lang='grc' dir='ltr'>ουκ</span> <span class='ocrx_word' id='word_1_290' title='bbox 1003 4126 1071 4175; x_wconf 73' lang='grc' dir='ltr'>ἐστιν</span> <span class='ocrx_word' id='word_1_291' title='bbox 1095 4125 1239 4190; x_wconf 77' lang='grc' dir='ltr'>ἐπίκληρος</span> <span class='ocrx_word' id='word_1_292' title='bbox 1266 4120 1283 4190; x_wconf 79' lang='grc' dir='ltr'>ἡ</span> <span class='ocrx_word' id='word_1_293' title='bbox 1312 4124 1442 4192; x_wconf 63' lang='grc' dir='ltr'>θυγάτηρ</span> 
     </span>
     <span class='ocr_line' id='line_1_38' title="bbox 227 4189 1449 4315; baseline -0.002 -64"><span class='ocrx_word' id='word_1_294' title='bbox 227 4194 321 4251; x_wconf 74' lang='lat' dir='ltr'>obue‘</span> <span class='ocrx_word' id='word_1_295' title='bbox 308 4214 323 4248; x_wconf 90' lang='lat' dir='ltr'>o</span> <span class='ocrx_word' id='word_1_296' title='bbox 341 4198 444 4263; x_wconf 77' lang='grc' dir='ltr'>κλῆρος</span> <span class='ocrx_word' id='word_1_297' title='bbox 462 4199 644 4260; x_wconf 72' lang='grc' dir='ltr'>ἐπίαικος-</span> <span class='ocrx_word' id='word_1_298' title='bbox 667 4195 797 4278; x_wconf 81' lang='lat' dir='ltr'>Harpocr</span> <span class='ocrx_word' id='word_1_299' title='bbox 815 4197 945 4257; x_wconf 77' lang='grc' dir='ltr'>ἐπιδικος·</span> <span class='ocrx_word' id='word_1_300' title='bbox 966 4189 1140 4260; x_wconf 78' lang='grc' dir='ltr'>Ἐπίπροικος</span> <span class='ocrx_word' id='word_1_301' title='bbox 1158 4192 1222 4260; x_wconf 67' lang='lat' dir='ltr'>dtr}</span> <span class='ocrx_word' id='word_1_302' title='bbox 1242 4197 1285 4245; x_wconf 75' lang='lat' dir='ltr'>ear</span> <span class='ocrx_word' id='word_1_303' title='bbox 1294 4198 1377 4315; x_wconf 77' lang='grc' dir='ltr'>Ιμέρει</span> <span class='ocrx_word' id='word_1_304' title='bbox 1394 4201 1449 4249; x_wconf 74' lang='grc' dir='ltr'>τινι</span> 
     </span>
     <span class='ocr_line' id='line_1_39' title="bbox 226 4261 1451 4334; baseline 0 -14"><span class='ocrx_word' id='word_1_305' title='bbox 226 4270 274 4320; x_wconf 82' lang='grc' dir='ltr'>τοῦ</span> <span class='ocrx_word' id='word_1_306' title='bbox 300 4265 404 4334; x_wconf 75' lang='grc' dir='ltr'>κλήρου</span> <span class='ocrx_word' id='word_1_307' title='bbox 430 4265 497 4318; x_wconf 82' lang='grc' dir='ltr'>ὥστε</span> <span class='ocrx_word' id='word_1_308' title='bbox 522 4273 622 4334; x_wconf 79' lang='grc' dir='ltr'>προῖκα</span> <span class='ocrx_word' id='word_1_309' title='bbox 649 4269 718 4333; x_wconf 75' lang='grc' dir='ltr'>ἔχειν</span> <span class='ocrx_word' id='word_1_310' title='bbox 746 4261 868 4331; x_wconf 77' lang='grc' dir='ltr'>αδελφῶν</span> <span class='ocrx_word' id='word_1_311' title='bbox 894 4261 961 4330; x_wconf 75' lang='grc' dir='ltr'>αυιῇ</span> <span class='ocrx_word' id='word_1_312' title='bbox 984 4262 1133 4317; x_wconf 77' lang='lat' dir='ltr'>dormo.—</span> <span class='ocrx_word' id='word_1_313' title='bbox 1100 4261 1197 4317; x_wconf 86' lang='lat' dir='ltr'>-ofr</span> <span class='ocrx_word' id='word_1_314' title='bbox 1213 4262 1276 4317; x_wconf 88' lang='lat' dir='ltr'>Poll</span> <span class='ocrx_word' id='word_1_315' title='bbox 1294 4263 1343 4333; x_wconf 89' lang='lat'>111,</span> <span class='ocrx_word' id='word_1_316' title='bbox 1361 4264 1394 4318; x_wconf 87' lang='grc'>33</span> <span class='ocrx_word' id='word_1_317' title='bbox 1413 4272 1451 4320; x_wconf 86' lang='lat' dir='ltr'>et</span> 
     </span>
     <span class='ocr_line' id='line_1_40' title="bbox 222 4335 523 4407; baseline -0.01 -15"><span class='ocrx_word' id='word_1_318' title='bbox 222 4338 282 4407; x_wconf 81' lang='lat' dir='ltr'>Leg</span> <span class='ocrx_word' id='word_1_319' title='bbox 300 4335 409 4406; x_wconf 77' lang='lat' dir='ltr'>Seguer</span> <span class='ocrx_word' id='word_1_320' title='bbox 425 4352 445 4406; x_wconf 92' lang='lat' dir='ltr'>p</span> <span class='ocrx_word' id='word_1_321' title='bbox 463 4337 523 4390; x_wconf 82' lang='lat'><strong>265.</strong></span> 
     </span>
    </p>
   </div>
   <div class='ocr_carea' id='block_1_9' title="bbox 0 0 1582 4950">
    <p class='ocr_par' dir='ltr' id='par_1_11' title="bbox 0 0 1582 4950">
     <span class='ocr_line' id='line_1_41' title="bbox 0 0 1582 4950; baseline 0 0"><span class='ocrx_word' id='word_1_322' title='bbox 0 0 1582 4950; x_wconf 95' lang='lat' dir='ltr'> </span> 
     </span>
    </p>
   </div>
  </div>
 </body>
</html>
