3142 4950
624 321 827 420 „AL

118 530 180 615 ἔχῃ
203 529 262 593 κτλ
275 528 296 612 ¹)
323 528 451 594 videtur
478 527 563 595 effici
592 528 824 595 concubinatus
853 526 1016 611 quoddam
1044 547 1147 611 genus
1167 526 1240 613 ipsa
1262 528 1335 611 lege

118 631 249 698 sanciri.
293 631 408 699 Adbuc
431 634 490 698 sub
518 631 626 698 iudice
652 632 693 697 lis
714 637 773 697 est.
818 629 884 696 Sed
910 637 1071 714 utcunque
1098 651 1151 697 res
1178 629 1335 696 sehabet

118 734 322 820 difficillima,
344 756 459 821 parurn
486 737 661 821 putabatur
682 733 852 801 bonestnm
880 734 1016 818 pelicem
1045 739 1175 820 praeter
1201 753 1335 800 uxorem

118 838 241 905 babere
253 837 286 924 ²).
318 875 361 886 —
394 839 473 905 Cum
506 837 738 921 antiquissimis
776 836 975 923 temporibus
1006 844 1100 923 pater
1131 836 1232 903 filiam
1264 837 1333 902 viro

120 940 242 1007 vendat
269 941 313 1008 ad
346 942 513 1008 arbitrium
547 948 634 1009 certo
662 942 765 1028 pretio
777 940 812 1027 Ιί),
845 960 886 1007 ne
918 946 1033 1027 postea
1054 939 1184 1023 quidem
1204 939 1335 1006 filiabus

119 1050 231 1129 patres
252 1045 286 1109 in
309 1045 520 1111 conciliandis
535 1045 746 1112 matrimoniis
761 1043 951 1128 morigerari
965 1042 1128 1109 videntur:
1151 1044 1212 1110 boc
1226 1049 1335 1108 tamen

119 1147 154 1212 in
188 1146 287 1214 dubio
320 1154 483 1231 versatur,
515 1168 591 1213 num
624 1148 656 1212 vi
688 1147 823 1214 invitam
855 1146 956 1213 filiam
989 1145 1126 1230 cogendi
1158 1145 1335 1228 legitimam

118 1255 314 1336 potestatem
336 1256 430 1335 pater
462 1249 620 1335 babuerit,
652 1250 714 1318 nisi
746 1251 830 1316 forte
862 1249 940 1333 quid
973 1270 1013 1315 ex
1042 1269 1080 1316 eo
1109 1249 1186 1316 licet
1208 1248 1336 1316 efficere

119 1352 207 1437 quod
229 1352 418 1420 discedendi
440 1375 461 1419 a
483 1353 599 1420 marito
620 1353 671 1420 ius
692 1352 727 1418 in
740 1353 903 1420 nonnullis
925 1353 1111 1419 civitatibus
1132 1373 1213 1418 uxor
1227 1351 1335 1419 babet.

205 1456 284 1522 Post
305 1462 438 1522 mortem
462 1457 569 1523 mariti
590 1456 690 1522 vidua
710 1456 847 1524 Athenis
869 1455 913 1523 ad
934 1462 1072 1522 tutorem
1098 1455 1183 1522 redit
1203 1455 1265 1522 boc
1287 1460 1336 1521 est

119 1561 154 1626 in
177 1579 269 1626 suam
291 1560 393 1646 ipsius
414 1560 587 1626 familiam:
610 1558 767 1644 gravidae
789 1565 822 1625 et
842 1560 1016 1627 liberorum
1038 1557 1134 1624 matri
1148 1575 1337 1643 permanere

119 1663 198 1729 licet
224 1662 257 1728 in
286 1663 381 1729 domo
412 1663 519 1728 mariti
530 1663 564 1745 ⁴).
623 1661 719 1748 Apud
740 1661 1037 1729 Laceedasmouios
1069 1680 1197 1744 qnoque
1227 1659 1337 1742 vidua,

121 1766 354 1851 posterioribus
375 1767 491 1832 saltem
512 1766 720 1851 temporibus,
743 1767 776 1831 in
798 1785 891 1832 suam
912 1765 1069 1831 familiam
1091 1763 1176 1830 redit
1187 1763 1222 1849 ⁶).

206 1869 346 1935 Divortii
367 1875 475 1935 autem
498 1868 640 1935 faciendi
662 1868 811 1955 primitus
832 1868 866 1933 in
888 1867 1027 1935 Graecia
1042 1870 1112 1934 sine
1128 1865 1226 1934 dubio
1248 1867 1337 1932 velut

119 1971 210 2058 apud
242 1972 380 2039 Iudaeos
412 1973 501 2039 solus
533 1973 667 2039 maritus
694 1978 889 2058 potestatem
915 1970 1073 2037 babebat:
1101 1968 1189 2034 idem
1215 1970 1338 2034 Romae

118 2062 304 2159 antiquitus
337 2077 436 2143 fuisse
469 2076 561 2142 testis
594 2074 786 2141 Plutarchus
802 2080 851 2140 est
862 2073 896 2158 ⁶).
940 2073 1102 2139 Paulatim
1123 2071 1226 2156 uxori,
1252 2091 1337 2154 quae

121 2178 351 2245 defenderetur
372 2179 528 2246 adversus
549 2180 672 2245 malum
693 2178 873 2262 coniugem,
895 2183 1040 2264 potestas
1061 2175 1120 2242 illa
1135 2174 1204 2240 fieri
1219 2179 1336 2260 coepta

125 2290 185 2366 est,
217 2283 306 2349 velut
338 2281 380 2348 de
408 2281 599 2350 Charondae
627 2283 753 2367 legibus
781 2282 956 2348 memoriae
997 2280 1160 2345 Diodorus
1187 2277 1296 2364 prodit
1308 2277 1336 2362 ⁷)

122 2384 269 2473 δεύτερος
294 2387 330 2451 δὲ
351 2385 525 2472 διυρδυίθη
547 2384 640 2472 νόμος
662 2385 679 2451 ὀ
701 2385 804 2462 διδους
826 2383 965 2463 ἐξουσίαν
986 2384 1026 2469 τῇ
1047 2384 1169 2469 γυναικί
1191 2379 1336 2447 ἀπολύειν

119 2491 174 2557 τὸν
202 2490 299 2577 ἄνδρα
327 2493 382 2555 καί
409 2500 560 2558 συνοικεῖν
588 2489 613 2578 ᾤ
641 2490 678 2557 ἂν
705 2489 864 2577 βούληται.
908 2487 1044 2555 Athenis
1065 2488 1182 2552 marito
1208 2485 1338 2552 divortii

11 2617 13 2622 ’
119 2615 238 2663 causas
261 2595 347 2681 apud
371 2594 556 2661 archontum
578 2593 776 2680 profitendus
805 2592 905 2658 luisse
926 2610 1084 2673 nusquam
1105 2588 1254 2672 traditur,
1278 2589 1339 2654 etsi

120 2698 253 2786 publice
286 2698 392 2765 curari
424 2699 533 2781 aliquo
566 2696 663 2765 modo
696 2695 837 2762 divortia
868 2693 1018 2761 videntur
1044 2713 1084 2760 ex
1112 2693 1185 2758 Poll
1212 2692 1271 2773 III,
1301 2692 1319 2755 l
1328 2714 1335 2756 :

122 2799 224 2888 ὥςπερ
252 2800 336 2889 νόμῳ
365 2802 539 2868 συνίσταται
565 2799 674 2887 γάμος,
705 2798 785 2864 οὕτω
813 2801 869 2863 καὶ
891 2795 1057 2862 διαλύεται.
1101 2797 1149 2862 Αυ
1171 2815 1212 2860 ne
1234 2793 1338 2861 levius

119 2924 240 2971 uxores
262 2904 519 2991 repudiarentur,
546 2905 680 2970 maritus
702 2910 760 2970 aut
780 2901 918 2968 reddere
941 2900 1049 2966 dotem
1071 2905 1127 2966 aut
1141 2897 1253 2964 XVIII
1268 2898 1338 2963 eius

118 3008 155 3073 in
185 3000 329 3090 singulos
357 3028 458 3073 annos
480 3008 673 3073 centesimas
704 3008 831 3072 solvere
855 3011 1090 3090 praetereaque
1116 3022 1175 3068 sna
1199 3000 1339 3087 pecunia

121 3117 272 3177 exactam
300 3111 389 3176 alere
417 3110 559 3176 debebat
570 3109 603 3193 ⁸).
653 3109 754 3175 Uxori
775 3127 902 3192 quoque
931 3106 1099 3173 discedere
1125 3105 1202 3170 licet
1229 3125 1337 3170 ama-

209 3300 231 3368 ¹)
266 3300 373 3370 XXIII,
391 3299 439 3355 53:
457 3298 524 3354 vide
542 3297 624 3353 infra.

85 3375 91 3385 '
209 3388 232 3459 ι)
268 3389 303 3458 μή
330 3382 421 3456 space
448 3387 619 3455 ιοπριξατοι
651 3386 723 3441 nem
745 3386 805 3454 xn,
825 3386 849 3439 5.
885 3382 929 3439 cfr
947 3383 1005 3437 ner
1022 3380 1127 3436 rnorm
1144 3379 1196 3434 957
1215 3380 1239 3433 a
1258 3378 1338 3433 root:

118 3481 280 3548 peccatum,
297 3473 408 3531 facinus
425 3474 569 3544 indignum
587 3477 616 3528 ct
633 3473 744 3528 malum.

212 3564 232 3632 ⁸)
267 3562 380 3619 Aristot
394 3562 447 3616 Pol
464 3560 528 3630 11,8
541 3578 560 3631 p
572 3560 665 3631 12682
679 3561 720 3615 39.
738 3559 888 3615 Adulterio
902 3558 939 3614 ab
951 3570 1040 3611 uxore
1053 3553 1204 3611 commisso
1216 3553 1338 3622 pretium

120 3652 284 3722 reposcitur
310 3649 354 3706 cfr
374 3650 448 3705 Hom
471 3647 515 3705 Od
537 3649 614 3718 VIII,
632 3647 692 3704 318.
732 3646 940 3716 Nonnunquam
957 3647 1040 3713 pater
1058 3642 1143 3697 etiam
1160 3641 1236 3694 uitro
1253 3638 1337 3695 filiam

121 3745 152 3797 et
169 3739 261 3810 gratis
280 3738 365 3794 offert
382 3752 497 3808 genero.
529 3801 535 3811 ὁ
1287 3779 1289 3782 ,

210 3828 233 3896 ⁴)
269 3827 341 3882 Dem
363 3825 464 3895 XLIII,
488 3825 535 3879 75:
560 3825 611 3876 τῶν
632 3824 763 3890 γυναικῶν
784 3820 846 3873 ὅσαι
868 3823 986 3888 μένουσιν
1005 3822 1105 3882 ἐντοῖς
1123 3818 1206 3879 οἴκοις
1223 3815 1275 3866 τῶν
1293 3808 1337 3866 ἀν-

122 3918 192 3984 δρῶν
209 3917 261 3969 τῶν
278 3912 446 3981 τεθνηκότων
463 3910 615 3979 φάσκουσαι
631 3917 712 3962 κυεῖν.

211 4002 232 4071 ⁵)
267 4001 373 4057 Jannet
389 4015 408 4068 p
429 3999 486 4053 107.
505 4028 536 4037 -
550 3998 578 4067 ί)
604 3996 670 4051 Plut
687 3996 760 4051 Rom
777 3994 820 4048 22.

210 4090 232 4157 ’λ
266 4087 343 4143 Diod
359 4086 423 4156 XII,
443 4085 482 4141 18.

214 4177 234 4246 ⁸)
270 4176 342 4229 Dem
368 4189 384 4229 e
407 4173 501 4230 Neaer
522 4189 542 4242 p
567 4169 647 4225 1362:
672 4169 719 4225 ἐὰν
740 4164 887 4236 ἀποπέμπῃ
910 4168 958 4236 τὴν
980 4171 1102 4234 γυναῖκα,
1120 4158 1276 4216 ἀποδιδόναι
1292 4160 1341 4229 τήν

125 4272 233 4333 προῖκα,
257 4262 304 4315 dclv
330 4263 360 4314 δὲ
387 4262 432 4331 μή,
459 4256 500 4313 ἐπ’
523 4264 598 4313 ἐννέα
621 4253 727 4325 ὀβολοῖς
750 4264 915 4324 τοκοφορεῖν,
937 4258 985 4308 καί
1008 4256 1080 4306 σίτου
1103 4254 1140 4312 εἰς
1164 4244 1255 4315 ᾠδεῖον
1273 4251 1340 4300 εἶναι

125 4351 288 4406 δικάσασθαι
305 4347 370 4417 ὑπὲρ
388 4350 437 4417 τῆς
454 4346 580 4415 γυναικός
597 4347 633 4414 τῷ
647 4348 741 4416 κυρίῳ.
