3142 4950
824 309 866 382 56

322 525 432 608 ltaque
455 523 495 590 de
517 525 587 590 iure
601 525 774 591 Teniorum
798 524 993 593 hereditario
1015 525 1095 592 nihil
1118 529 1245 592 constat
1266 523 1352 607 quod
1373 544 1395 588 a
1408 524 1455 588 le·

235 627 329 710 gibus
351 626 595 694 Atheniensium
618 628 801 695 abhorreat.

322 731 460 816 Spartae
482 732 676 814 omninoque
696 731 730 796 in
753 731 939 798 civitatibus
960 731 1088 798 Doriois
1114 752 1190 798 num
1213 732 1297 798 sieut
1317 731 1456 797 Athenis

238 832 306 899 tilia
328 834 510 900 hereditate
532 855 553 900 a
574 834 640 899 filio
665 835 867 918 excludatur,
900 836 1046 901 accurat-i
1067 834 1146 900 nihil
1169 836 1257 921 apud
1280 835 1455 921 scriptores

236 945 363 1004 veteres
391 938 524 1021 legitur:
559 958 753 1022 quamquam
787 945 918 1024 propter
946 939 1036 1023 leges
1065 959 1146 1022 quas
1174 938 1216 1004 de
1248 938 1455 1004 hereditariis

236 1039 366 1106 filiabus
399 1041 538 1126 Spartae
567 1060 694 1124 quoque
724 1048 812 1107 eerto
846 1042 963 1106 seimus
997 1042 1096 1107 fuisse
1128 1042 1214 1107 idem
1247 1041 1454 1108 statuendum

241 1144 301 1210 erit
314 1144 347 1229 ¹).
392 1145 492 1210 Porro
507 1143 549 1209 de
565 1145 712 1211 Gretibus
726 1144 875 1230 Ephorus
891 1145 1066 1210 memoriae
1079 1145 1141 1211 hoe
1157 1145 1244 1231 apud
1260 1145 1454 1212 Strabonem

237 1247 345 1333 prodit
356 1247 395 1326 2);
425 1247 521 1332 φερνή
545 1246 576 1312 δ’
602 1248 692 1332 ἐστίν,
716 1242 753 1314 ἂν
776 1240 906 1332 ἀδελφοὶ
927 1245 995 1332 ὦσι,
1010 1247 1045 1312 τὸ
1060 1243 1156 1334 ἥμισυ
1171 1241 1454 1334 regressuram

150 1433 153 1437 7
241 1351 374 1437 μερέδος.
419 1350 546 1416 Titulus
569 1351 625 1415 ille
649 1352 686 1416 V.
709 1352 756 1416 aO
779 1350 910 1431 saeculo
934 1352 1136 1434 exaratus³):

286 1452 409 1541 Ξουθία
436 1454 685 1541 παρακαθῗνήαα
713 1455 757 1519 τῶ
785 1454 954 1540 Φιλαχαίω
982 1455 1176 1540 τετρακότιαι
1202 1464 1277 1544 μναῖ
1295 1449 1456 1541 ἀργυρίου.

284 1559 311 1621 εἰ
333 1557 388 1645 μέν
410 1580 454 1621 αα
476 1557 554 1643 ζώη,
576 1559 704 1623 nointel
727 1551 892 1623 ἀνελόσένω
913 1559 960 1623 τοὶ
981 1558 1110 1644 γνήσιοι,
1145 1559 1213 1622 taret
1232 1581 1277 1622 αα
1297 1551 1458 1645 ἡβάσωντι

280 1661 371 1727 πέντε
391 1660 508 1726 uetes·
543 1663 571 1727 el
597 1657 704 1726 δέκα
732 1662 775 1747 μὴ
804 1662 903 1746 ζῶνιι,
936 1664 986 1726 ταὶ
1013 1661 1185 1748 θυγατέρες
1212 1661 1376 1730 ἀνελόσθνω
1404 1664 1458 1725 ταὶ

167 1770 169 1773 ’
279 1763 402 1850 γνήσιαι
423 1763 491 1829 κτλ.

238 1867 266 1932 si
288 1867 357 1933 iure
380 1866 497 1932 dieitur
519 1888 540 1933 a
562 1867 676 1932 Fiokio
699 1866 860 1951 Achaeus,
883 1886 924 1932 ne
947 1865 1034 1952 apud
1049 1866 1191 1933 thivos
1213 1866 1342 1950 quidem
1365 1867 1456 1933 filiae

238 1971 348 2037 uocari
375 1970 524 2036 videntur
551 1970 586 2034 in
617 1968 832 2035 hereditatem
864 1969 927 2035 nisi
959 1969 1035 2035 filiis
1068 1969 1302 2036 deficientibus,
1346 1969 1456 2053 Atque

240 2074 338 2138 etiam
382 2072 470 2159 apud
513 2073 727 2158 Mytilenaeos
759 2073 912 2138 Aeolidos
955 2073 1148 2140 Aristoteles
1160 2074 1183 2152 ⁴)
1230 2072 1331 2140 fuisse
1375 2072 1459 2139 dioit

238 2175 433 2262 ἐπικλήρους.

323 2278 491 2364 Delphicis
512 2278 615 2343 titulis
637 2278 924 2344 manumissionum
946 2279 1196 2345 aLoorensibus
1217 2279 1406 2364 plemmque
1422 2286 1460 2344 et

240 2381 458 2451 Phooensibus
481 2381 641 2446 saetarum
662 2381 854 2447 Thalheimo
876 2380 1004 2447 videtur
1027 2383 1229 2468 comprobari
1257 2381 1323 2448 filio
1346 2401 1458 2467 super—

239 2487 313 2553 stite
336 2484 461 2552 heredii
477 2490 604 2571 partem
618 2484 706 2551 filiae
722 2485 898 2569 obtingere.
942 2486 1033 2551 Haeo
1048 2486 1116 2552 fere
1131 2487 1237 2552 solent
1251 2487 1351 2552 verba
1367 2505 1457 2551 esse:

282 2585 433 2676 ἄρχοντος
454 2588 508 2653 τοῦ
530 2588 637 2672 δεῖνος,
662 2586 757 2675 μηνὸς
778 2589 833 2653 τοῦ
856 2589 963 2672 δεῖνος,
987 2581 1004 2653 ὃ
1027 2589 1112 2653 δεῖνα
1139 2581 1273 2654 ἀπέδοτο
1285 2586 1459 2653 Ἀπόλλωνι

281 2695 373 2779 σῶμα
399 2688 538 2778 ἀνδρεῖον
558 2692 647 2777 τιμᾶς
659 2711 666 2727 ·
680 2713 687 2727 ·
701 2711 708 2727 ·
722 2698 809 2777 μνᾶν,
836 2690 1100 2757 συνευδοκούντων
1123 2693 1179 2756 τοῦ
1205 2694 1302 2770 δεῖνος
1323 2694 1378 2756 καὶ
1399 2691 1460 2776 τῆς

239 2796 345 2873 δεῖνος.
362 2793 538 2883 βεβαιωτὴρ
561 2787 577 2858 ὃ
600 2794 695 2876 δεῖνα,
718 2793 870 2879 μάρτυρες
892 2794 922 2858 oi
943 2794 1038 2861 δεῖνα.

238 2901 304 2966 Eos
326 2899 586 2975 συνευδοκοῦντας
600 2897 771 2963 Thalbeim
786 2898 870 2963 sieut
884 2903 982 2963 antea
996 2899 1062 2963 iam
1077 2899 1218 2964 Fouoart
1240 2905 1272 2964 et
1293 2897 1459 2964 Bhohsen-

238 3001 349 3070 sohdtz
362 3002 385 3088 1)
413 3002 567 3068 heredum
595 3001 724 3066 nomine
752 3000 933 3067 consentire
961 3007 1080 3086 censet,
1115 3021 1155 3067 ne
1184 3001 1312 3085 quando
1339 3007 1459 3088 postea

240 3107 523 3173 manumissionem
545 3105 730 3191 improbare
752 3105 877 3191 possint
889 3104 924 3191 ⁶).
967 3104 1171 3191 ltprimum
1194 3126 1253 3172 neo
1275 3106 1309 3170 in
1323 3105 1459 3191 Delphi-

331 3385 350 3453 ¹)
385 3381 503 3437 Foustel
528 3380 563 3435 de
586 3379 756 3449 Coulanges‚
778 3379 863 3434 Droit
887 3381 922 3435 de
940 3381 1086 3449 propriete
1105 3383 1123 3434 a
1142 3380 1258 3449 Sparte:
1294 3382 1386 3437 Journ
1404 3383 1459 3437 des

240 3487 292 3527 sav
314 3471 388 3541 1880,
406 3488 424 3539 p
445 3471 503 3524 140.
539 3468 670 3538 0111111161,
687 3468 805 3522 Dorier²
821 3469 856 3537 ΙΙ,
875 3468 934 3522 192.

324 3558 346 3629 ¹)
381 3559 449 3612 vide
467 3572 555 3625 supra
571 3573 591 3627 p
609 3554 651 3609 34.

327 3646 348 3707 ⁸)
383 3643 476 3699 Roehl
492 3642 559 3699 IGA
576 3641 625 3712 683
640 3640 864 3710 Beuueuheuger,
882 3641 962 3695 Beitr
972 3641 1000 3697 V
1011 3641 1077 3711 3243
1095 3642 1219 3710 Meister,
1236 3641 1327 3698 Jahrb
1340 3640 1356 3696 f
1364 3642 1460 3697 Philol

242 3733 321 3805 1882,
339 3749 358 3804 p
377 3734 429 3789 522
447 3737 476 3787 et
494 3727 883 3799 Wilamowitzddbllendorf,
901 3728 1056 3784 Zeitsohrf
1072 3729 1090 3783 d
1108 3728 1251 3798 Sym-W
1272 3730 1377 3800 1884,p
1398 3729 1459 3784 112.

238 3819 494 3877 Lacedaemonium
513 3817 581 3873 dioit
598 3816 698 3873 Roehl.

324 3910 347 3977 ⁴)
382 3908 503 3976 Aristot,
521 3904 574 3959 Pol
591 3905 627 3973 V,
645 3903 670 3974 3,
689 3905 713 3959 3.

327 3998 348 4066 ⁵)
383 3995 517 4065 Fouoart,
543 3994 616 4048 Mem
643 4008 692 4047 sur
718 3990 864 4048 l'affrauoh
891 4007 909 4063 p
933 3991 964 4063 83
992 3990 1231 4061 Bliohsensehttta,
1254 3992 1349 4046 Besitz
1367 4009 1386 4046 u
1404 3992 1458 4046 Er·

239 4084 318 4140 werb
336 4099 355 4154 p
375 4084 434 4138 175.

326 4172 347 4240 ⁶)
382 4170 538 4241 Legitimos
555 4184 733 4240 nequaquam
757 4173 803 4224 est
821 4183 976 4224 consensus
995 4198 1028 4206 -
1047 4167 1077 4222 id
1095 4166 1173 4237 quod
1190 4165 1337 4222 Thalheim
1355 4166 1460 4221 statuit

239 4287 272 4299 -
292 4258 396 4329 quippe
415 4258 463 4327 qui
486 4257 654 4327 compluries
678 4257 831 4312 heredibus
854 4255 1081 4311 commemoratis
1100 4254 1175 4309 desit
1193 4255 1239 4324 (W
1257 4254 1282 4307 e
1299 4253 1322 4307 F
1339 4254 1389 4326 423
1408 4256 1458 4325 543

237 4347 371 4419 8431523
394 4346 460 4417 2443
486 4347 558 4417 279),
586 4362 649 4400 eum
677 4349 891 4403 accuratissime
917 4347 945 4397 et
968 4348 1102 4398 auotores
1125 4341 1267 4396 secundos
1291 4359 1404 4412 semper
1428 4349 1460 4398 et
