3142 4950
714 332 755 394 69
849 314 860 395 ἓ
922 304 1332 422 ·’·..².³³³‘·'·{'³.{··:³-·3·-

208 535 302 601 Plato
333 536 410 600 item
439 543 474 600 ut
502 536 594 601 testis
627 536 742 602 mulier
774 536 912 621 prodeat
940 536 1157 620 quadraginta
1183 558 1340 604 annorum

122 638 289 722 permittit.

211 742 303 808 Alius
325 742 453 826 generis
475 748 574 808 testes
597 748 671 807 sunt
692 742 725 806 in
741 742 843 809 titulis
865 744 1148 809 manumissionum
1163 743 1340 829 Delphieis‚

124 848 178 929 qui
201 846 393 930 gravitatem
428 845 644 911 caerimoniae
677 852 836 929 augeant:
871 844 904 910 id
937 865 1039 929 genus
1065 847 1206 913 muneris
1228 866 1269 911 ne
1291 845 1341 912 his

125 948 253 1032 quidem
277 949 475 1034 temporibus
497 949 648 1014 mulieres
662 955 830 1034 praestare
845 955 988 1034 possunt,
1012 971 1084 1015 eum
1107 950 1263 1033 reliquiae
1278 950 1342 1016 siut

113 1052 222 1118 moris
262 1052 388 1137 pristini
427 1053 557 1136 negotia
596 1053 629 1117 in
663 1052 812 1118 contione
854 1052 1056 1138 perficiendi:
1093 1073 1158 1136 qua
1193 1052 1340 1143 nimirum

124 1154 336 1221 exeluduntur
358 1154 506 1222 feminae.
1204 1154 1205 1157 ’

552 1361 585 1432 0.
630 1361 674 1431 ite
697 1361 911 1431 iureiurando.

208 1499 436 1566 Iusiurandum
464 1499 497 1564 iu
527 1498 646 1564 iudieio
676 1499 755 1564 dare
782 1499 911 1565 feminis
938 1499 1190 1566 Atheniensibus
1222 1500 1298 1565 lieet
1311 1500 1342 1584 ¹).

122 1603 277 1668 Maiorem
321 1604 405 1670 solet
449 1603 480 1667 in
525 1601 642 1668 divinis
687 1603 783 1668 rebus
829 1601 957 1668 omnino
997 1608 1192 1689 potestatem
1231 1604 1345 1669 mulier

127 1706 292 1789 habere2).
351 1707 584 1773 Testimonium
618 1712 725 1772 autem
759 1700 847 1792 apud
881 1707 1023 1775 Graecos
1062 1727 1124 1771 non
1158 1712 1194 1770 ut
1226 1706 1344 1772 nostris

124 1810 321 1896 temporibus
344 1811 377 1874 in
392 1810 598 1876 iureiurando
613 1811 690 1895 poni
706 1829 849 1875 neeesse.
893 1809 1030 1876 Aoeedit
1051 1816 1087 1875 ut
1102 1809 1144 1875 sit
1165 1809 1344 1876 adversarii

128 1913 189 1978 hoo
211 1912 432 1979 iusiurandum
455 1913 636 2000 prohibere,
660 1934 731 1980 oum
754 1919 854 1979 testes
877 1913 947 1999 ipse
970 1913 1067 1979 iudex
1089 1912 1273 1998 interroget.

217 2154 236 2223 ¹)
271 2155 344 2209 Dem
371 2155 475 2224 XXIX,
506 2154 553 2224 263
583 2154 716 2225 XXXIX,
739 2156 770 2227 33
794 2156 853 2226 XL,
875 2156 924 2224 273
946 2156 1005 2227 LII,
1028 2157 1072 2211 27.
1113 2155 1272 2213 Sohbmanu
1290 2154 1343 2215 Au

123 2243 201 2296 Proe
218 2241 278 2297 688.
541 2270 544 2275 ⁴

208 2328 236 2397 ²)
272 2329 339 2383 vide
360 2329 565 2397 suprapsset
583 2328 624 2383 21.
