3142 4950
826 307 846 373 6

733 396 936 408 ss——nn———n-nn

314 515 410 601 Apud
433 514 576 585 Graecos
597 524 719 600 quanta
741 517 839 583 fuerit
860 516 1008 601 primitus
1030 524 1175 602 potestas
1197 517 1306 605 κυρίου
1329 517 1444 584 diiudi-

230 619 299 684 oari
330 621 455 704 nequit,
495 628 653 704 quatenus
686 620 820 703 antiqua
852 620 1037 688 testimonia
1070 620 1310 689 desiderantur:
1344 621 1444 687 iniis

132 770 134 775 ,
230 723 346 804 quibus
368 723 414 788 uti
436 723 513 788 licet
534 723 615 790 haee
638 729 810 789 occurrunt
830 723 924 789 nobis
946 725 1062 791 verba:

588 823 610 912 ἡ
633 827 718 892 δεῖνα
739 828 795 890 καὶ
817 824 834 890 ὃ
855 825 961 913 κύριος

475 931 544 997 sive
586 928 608 1015 ἡ
631 931 716 997 δεῖνα
739 930 818 1015 μετὰ
839 930 893 994 τοῦ
915 930 1025 1016 κυρίου

476 1034 544 1098 sive
587 1031 609 1118 ἡ
632 1034 717 1101 δεῖνα
738 1031 891 1119 παρόντος
913 1032 993 1119 αὐτῇ
1015 1034 1069 1098 τοῦ
1091 1035 1209 1120 κυρίου.

229 1133 321 1212 Quae
363 1137 464 1201 verba
507 1137 615 1202 omnia
657 1138 756 1203 latius
795 1142 908 1222 patent
946 1157 1043 1220 quam
1080 1145 1116 1203 ut
1154 1138 1234 1204 certi
1273 1136 1444 1220 quicquam

228 1239 331 1324 possit
354 1240 497 1323 agnosci.
541 1241 663 1305 Verum
684 1240 813 1307 videtur
835 1240 897 1306 boo
919 1247 1068 1307 constare
1091 1242 1232 1325 antiquis
1246 1240 1445 1325 temporibus

228 1341 451 1408 intercedendi
478 1344 529 1408 ius
556 1349 694 1409 tutorem
716 1343 880 1428 habuisse,
908 1364 980 1409 oum
1002 1345 1105 1411 altero
1129 1350 1161 1410 et
1187 1345 1279 1410 tertio
1302 1343 1349 1410 aii
1376 1362 1445 1408 sac-

230 1445 312 1511 culis
339 1482 382 1493 —
415 1446 465 1512 bis
498 1445 583 1511 enim
614 1445 760 1532 plerique
788 1445 954 1512 titulorum
980 1449 1107 1513 exarati
1135 1453 1279 1513 sunt-
1307 1447 1445 1530 exiguae

228 1554 395 1631 tamquam
423 1549 580 1632 reliquiae
612 1549 735 1615 tutelae
764 1556 900 1635 exstent,
928 1551 974 1617 ita
1002 1557 1038 1617 ut
1066 1551 1146 1617 nihil
1173 1552 1239 1617 iam
1266 1550 1381 1616 tutoris
1403 1549 1445 1614 sit

229 1650 291 1716 nisi
324 1657 381 1717 aut
412 1652 517 1737 ipsum
545 1657 602 1719 aut
629 1672 687 1738 per
714 1654 841 1719 litteras
868 1654 950 1720 illud
977 1655 1100 1721 Auctor
1127 1654 1186 1720 Fio
1217 1653 1335 1737 dicere,
1370 1673 1445 1736 quo-

224 1754 414 1839 tiescunque
441 1757 556 1822 mulier
581 1756 678 1823 volet.
722 1757 870 1842 Papyrus
893 1757 1022 1842 quidem
1050 1764 1098 1824 est
1120 1757 1273 1823 Antonini
1293 1756 1344 1822 Pii
1366 1763 1444 1822 tem·

228 1858 326 1942 poris,
366 1859 422 1924 ubi
460 1859 612 1944 legimus:
651 1857 673 1945 ἡ
712 1861 798 1927 δεῖνα
842 1862 920 1948 μετὰ
953 1861 1062 1947 κυρίου
1097 1860 1133 1926 οὐ
1166 1859 1358 1947 παρόντοςῑ).
1407 1860 1444 1925 Ιυ

228 1962 345 2029 litteris
369 1982 496 2049 semper
518 1971 551 2031 et
572 1965 688 2030 mulier
709 1965 870 2031 nominari
891 1965 990 2033 debet
1011 1972 1044 2031 et
1057 1965 1185 2051 kyrios:
1207 1984 1267 2031 nec
1290 1965 1375 2029 enim
1389 1969 1445 2029 aut

228 2065 282 2131 hic
315 2065 562 2134 administrandi
596 2074 653 2135 aut
681 2069 739 2134 illa
771 2088 844 2135 sose
877 2067 1044 2153 obligandi
1076 2068 1176 2134 habet
1208 2065 1443 2155 potestatemq.

229 2167 465 2236 Administrare
486 2191 554 2236 rem
575 2171 771 2237 familiarem
794 2172 932 2256 epitropi
954 2178 1012 2238 est.
1042 2172 1085 2236 At
1106 2171 1159 2236 hio
1179 2177 1266 2237 tutor
1280 2187 1447 2254 quousque

230 2278 279 2338 est
301 2273 450 2339 mulieri?
498 2274 612 2358 Neque
639 2275 733 2359 enim,
762 2275 841 2358 quin
864 2276 992 2341 omnino
1014 2275 1065 2360 sit,
1082 2276 1252 2359 quisquam
1274 2272 1445 2340 dubitabit.

228 2377 328 2443 Uxori
356 2394 562 2461 nequaquam
591 2378 771 2465 epitropum
803 2398 874 2444 esse
896 2378 1070 2445 Oaillemer
1092 2399 1132 2444 ex
1153 2378 1239 2444 Isaei
1261 2398 1298 2444 or
1319 2375 1446 2442 Philoot

227 2483 248 2561 ξ
271 2482 312 2545 14
334 2482 447 2548 efficit:

273 2584 338 2650 οὔτ’
374 2584 633 2671 ἐπιτροπεύεσθαι
664 2586 804 2671 προςῆκε
835 2586 892 2671 τὴν
924 2585 1114 2672 Καλλίκπην
1150 2587 1195 2651 ἔτι
1221 2583 1446 2672 τριακοντοῦτίν

273 2711 311 2776 γε
344 2687 440 2754 οὖσαν
473 2684 543 2753 οὔτε
577 2682 744 2756 ἀνέκδοτον
776 2691 832 2753 καί
863 2687 981 2754 ἄπαιδα
1017 2691 1102 2773 εἶναι,
1131 2681 1213 2753 ἀλλὰ
1240 2687 1320 2755 πάνυ
1348 2685 1446 2753 πάλαι
1566 2723 1567 2774 q

271 2800 430 2859 συνοικεῖν.

231 2896 311 2962 Oum
343 2895 535 2963 adulescens
567 2895 703 2962 Athenis
735 2895 957 2979 duodeviginti
990 2915 1146 2961 annorum
1183 2894 1234 2959 sui
1269 2892 1348 2958 iuris
1377 2892 1444 2975 fiat,

234 3000 476 3087 astipulandum
498 3006 584 3066 esset
606 2998 808 3083 Oaillemero,
831 2999 859 3064 si
881 2998 1011 3084 puellae
1033 2996 1168 3063 totidem
1190 2995 1318 3062 demum
1340 3014 1443 3061 annos
1566 3035 1567 3054 ι

230 3110 328 3170 natae
359 3105 526 3170 nuberent.
577 3102 671 3180 Quod
704 3121 899 3186 quamquam
927 3100 1010 3167 solet
1036 3099 1148 3186 herib,
1180 3120 1202 3165 a
1228 3097 1445 3184 Xenophonte
1566 3129 1567 3136 υ

233 3214 342 3274 tamen
362 3208 490 3293 puellas
513 3205 673 3272 interdum
696 3204 879 3289 quindecim
901 3205 967 3271 iarn
989 3223 1144 3270 annorum
1160 3202 1193 3267 in
1209 3201 1445 3268 matrimonium

231 3311 304 3377 dari
336 3310 530 3396 docemur⁴).
586 3310 639 3376 Sic
671 3308 742 3374 lieri
775 3308 914 3375 fortasse
946 3312 1054 3394 potest
1086 3311 1122 3370 ut
1154 3305 1318 3390 epitropos
1346 3302 1445 3369 otiam
1566 3321 1567 3340 ι

229 3414 324 3480 uxori
356 3434 437 3499 opus
472 3414 523 3497 sit,
557 3414 620 3478 nisi
653 3412 834 3479 communio
867 3412 1025 3478 bonorum
1057 3408 1198 3475 omnium
1223 3405 1399 3473 instituitur
1410 3406 1444 3491 ὖ).

319 3735 338 3804 ¹)
374 3735 489 3792 Notiees
508 3738 537 3789 et
555 3733 673 3789 extraits
692 3730 743 3788 des
761 3744 894 3786 manuscr
912 3729 947 3783 de
965 3728 994 3782 la
1010 3727 1070 3783 bibl
1087 3726 1177 3797 imper
1193 3727 1298 3797 XVIII,
1315 3727 1388 3783 2No
1403 3725 1443 3780 17.

316 3825 338 3892 ⁹)
374 3822 517 3879 Immerito
545 3821 692 3877 Oaillemer
717 3817 856 3874 Demosth
883 3832 899 3871 c
927 3815 1007 3884 Spud
1034 3830 1068 3869 or
1095 3821 1110 3879 ἕ
1139 3814 1155 3869 9
1182 3815 1291 3870 attulit:
1314 3812 1358 3869 cfr
1379 3813 1444 3869 Van

119 3922 125 3934 ·
229 3911 284 3971 den
310 3913 358 3978 Es,
385 3912 429 3966 De
455 3912 499 3966 iur
526 3909 604 3965 famil
629 3908 730 3977 pleb:
757 3906 814 3961 illic
841 3905 914 3960 enim
936 3902 1120 3974 agnoscenda
1141 3900 1368 3973 breviloquentia
1391 3904 1443 3954 est

227 3999 367 4071 Aristoph
390 3998 496 4055 Thesm
518 3997 596 4066 842ss
618 4011 675 4050 non
697 3994 804 4050 rectius
826 3993 967 4048 laudatur.
1007 3991 1068 4047 Nee
1085 4006 1102 4044 e
1119 3990 1237 4060 papyris
1255 3987 1444 4059 Aegyptiacis

227 4091 263 4146 de
289 4089 375 4145 rebus
401 4083 623 4143 Atheniensibus
651 4083 802 4153 quicquam
827 4078 964 4136 efficitur:
992 4077 1036 4134 cfr
1058 4077 1215 4146 Gaillemer,
1237 4077 1293 4130 Les
1316 4090 1443 4146 papyrus

229 4177 319 4235 Graes
337 4194 356 4246 p
375 4177 406 4230 21
427 4179 456 4229 et
473 4174 516 4228 22.

315 4264 336 4335 ⁹)
371 4262 524 4331 Hermann,
543 4260 602 4315 Ant
619 4259 706 4330 priv²
721 4259 737 4329 ξ
755 4258 782 4327 4,
803 4257 843 4312 19.
863 4286 896 4297 -
914 4256 937 4326 ⁴)
956 4254 1020 4310 Xan
1038 4252 1135 4309 Oeeon
1152 4252 1215 4321 VH,
1233 4252 1258 4306 5.

314 4350 335 4419 θ)
371 4348 489 4419 Gerbcr,
507 4348 576 4420 Syst
594 4349 613 4403 d
631 4346 751 4404 deutsch
769 4343 967 4401 Privatrechts
985 4347 1000 4407 5
1018 4343 1070 4397 244
1089 4345 1159 4396 extr.
