3142 4950
835 325 877 387 42

247 554 307 600 nec
329 534 433 601 minus
455 535 488 600 in
510 533 631 601 tabulis
654 533 841 600 libertorum
856 533 1011 600 Pheraeis
1033 553 1117 617 quae
1139 534 1293 620 temporis
1307 535 1463 619 Augustei

244 646 319 704 sunt
332 638 369 721 ¹):

287 740 400 826 Κλητα
433 739 495 806 ἀπὸ
523 722 696 827 Ἀρχελάου
729 737 784 805 τοό
813 720 1044 825 Ἱπποκράτους
1076 743 1131 805 καί
1154 739 1375 827 Ἡγησάνδρας
1412 742 1487 820 τάς’

283 842 494 932 Ἱππομάχου,
526 843 661 921 Εὔπολις
695 841 757 908 ἀπὸ
783 843 939 929 Κρατίνου
972 851 1027 910 τοῦ
1055 844 1255 932 Πολέμωνος,
1294 845 1462 912 Καλλιστώ

288 946 350 1013 ἀπὸ
372 947 526 1033 Κρατίνου
547 948 602 1012 τοῦ
624 946 810 1033 Πολέμωνος
831 951 887 1012 οιαὶ
907 946 1137 1027 Διααιοπόλεως
1159 949 1213 1035 τῆς
1228 943 1418 1035 Ἀρίστωνος.

244 1052 362 1118 Nescio
375 1072 417 1117 an
433 1051 570 1117 alteram
584 1055 711 1135 partem
732 1050 839 1136 pretii,
861 1051 1044 1134 ubicunqne
1060 1051 1123 1118 duo
1139 1052 1292 1136 coniuges
1313 1051 1462 1119 dicuntur

244 1154 325 1239 heri,
348 1155 479 1221 solverit
500 1155 645 1238 maritus,
674 1174 755 1219 uxor
783 1156 931 1220 alteram.
974 1155 1095 1221 Verum
1124 1155 1222 1221 etiam
1253 1155 1348 1221 aliter
1371 1156 1461 1221 intel-

246 1258 355 1342 legere
377 1258 453 1324 licet
476 1259 590 1324 verba:
614 1255 631 1321 ὁ
654 1259 739 1323 δεῖνα
761 1259 817 1321 καὶ
838 1256 859 1343 ἡ
884 1259 969 1323 δεῖνα
992 1258 1174 1324 ἀνατιθέασι
1202 1259 1271 1324 sive
1301 1254 1461 1324 ἀπέδοντο.

246 1363 339 1428 Servi
361 1362 446 1427 enim
467 1380 566 1447 saepe
588 1361 622 1426 in
645 1359 752 1427 dotem
779 1360 951 1445 dabantur,
978 1363 1067 1428 velut
1094 1362 1158 1427 iam
1181 1362 1379 1447 Penelopam
1401 1363 1463 1428 Do
1556 1406 1557 1427 ι

247 1465 309 1531 lios
332 1465 474 1548 sequitur
487 1464 520 1547 ²).
575 1466 645 1530 Hoc
667 1464 696 1530 si
719 1464 911 1547 cogitemus,
944 1465 1013 1529 iure
1040 1465 1202 1531 videbitur
1233 1486 1315 1531 uxor
1337 1486 1463 1548 quoque

247 1568 414 1633 nominari.
469 1566 560 1633 Idem
593 1586 797 1633 censeremus
831 1566 872 1633 de
900 1567 1065 1633 titulorum
1092 1568 1322 1652 Delphicorum
1355 1570 1462 1634 verbis

246 1669 371 1737 δδεῖνα
404 1669 650 1755 συνευδοκούσης
682 1676 739 1754 τῆς
771 1668 933 1755 γυναικός,
959 1670 1022 1735 nisi
1056 1671 1112 1735 alii
1147 1689 1247 1756 saepe
1280 1671 1463 1737 dicerentur

245 1782 375 1860 praeter
396 1793 529 1840 uxorem
552 1773 815 1851 συνευδοκοῦντες.
859 1774 902 1838 At
924 1773 993 1839 sine
1014 1772 1112 1840 dubio
1135 1774 1330 1859 mancipium
1352 1775 1461 1841 uxoris
1557 1772 1558 1827 l

246 1877 486 1963 agnoscendum
509 1877 540 1941 in
556 1877 773 1943 vetustissimo
789 1876 846 1943 illo
862 1877 955 1942 titulo
971 1877 1026 1960 qui
1040 1877 1138 1943 Eleus
1152 1876 1280 1943 videtur
1292 1876 1462 1963 Olympiae
1557 1880 1558 1955 ῗ

245 1987 372 2066 reperto
385 1981 423 2064 ³):
1557 1968 1558 1971 ¹

284 2077 457 2161 Ἑααλίδας
485 2080 591 2168 ἀφῆκε
621 2081 802 2168 ἐλευθάρυς
827 2083 880 2149 τόν
907 2079 970 2148 ἀπό
998 2082 1139 2170 Σφίγγας
1169 2082 1260 2169 γόνον
1292 2084 1385 2168 ίαρώς
1419 2084 1462 2149 τώ

291 2186 360 2264 Διὸς
380 2193 425 2252 τώ
441 2183 616 2273 Ὀλυμπίου·
640 2189 695 2251 καί
715 2185 825 2252 Heron
848 2187 965 2272 surrepat
983 2184 1097 2273 Ἀγέλα
1118 2184 1273 2273 θυγάτηρ.

249 2309 300 2374 De
321 2327 422 2373 uxore
444 2328 508 2373 non
531 2306 572 2372 de
594 2307 662 2374 filia
683 2309 800 2392 agitur.
844 2309 944 2373 Porro
972 2308 1121 2393 proprius
1149 2309 1259 2374 uxoris
1280 2326 1392 2373 servus
1415 2313 1464 2374 est

249 2411 283 2476 in
306 2411 386 2476 miro
409 2409 549 2494 quodam
572 2411 665 2478 titulo
689 2409 901 2498 Delphico⁴t:

291 2513 446 2592 Θεόδοτος
468 2513 631 2601 Τιμάρχου
654 2516 708 2579 καί
724 2511 860 2600 Ἀρίστα
877 2511 1111 2599 Ἀρτεμιδώρου
1134 2512 1388 2592 συνευδονιέοντος
1409 2514 1463 2579 τοῦ
1559 2537 1560 2558 ¹

292 2616 402 2703 ἀνδρὸς
424 2616 520 2703 αὐτῆς
543 2616 710 2701 Θεοδότου,

247 2722 302 2786 ubi
325 2722 444 2786 omissa
468 2721 586 2787 vocula
613 2721 676 2805 nal,
711 2741 796 2804 quae
824 2721 907 2787 solet
934 2720 1071 2785 inveniri
1098 2725 1172 2806 post
1198 2720 1461 2803 συνευδοκέοντος,

248 2824 382 2890 maritus
404 2824 484 2889 nihil
507 2844 578 2890 esse
604 2825 665 2890 nisi
694 2824 888 2890 συνευδοκῶν
915 2822 1123 2906 significatur.
1167 2822 1266 2888 Haud
1294 2824 1389 2889 aliter
1418 2826 1461 2890 in-

182 2983 183 2986 *
248 2930 367 3011 tellego
391 2927 662 2995 Chaeronensem:

289 3030 427 3109 Τελλίας
447 3028 590 3117 Εὐνόμου
612 3033 667 3095 καὶ
689 3026 862 3116 Παραμόνα
883 3028 1114 3115 Κηφισοδώρου
1140 3032 1195 3095 καί
1215 3029 1460 3117 Κηφεισόδυρος

288 3134 426 3198 Τελλέου
447 3134 520 3199 νιτλ·
542 3134 647 3219 παρῆν
668 3130 842 3219 Παραμόνομ
864 3129 881 3197 δ
904 3131 982 3219 ἀνηρ
1005 3135 1059 3198 καὶ
1073 3132 1292 3221 Κηφισοδώρῳ
1316 3131 1333 3199 δ
1355 3135 1461 3220 πατὴρ

289 3236 427 3315 Τελλίας
447 3235 591 3324 Εὐνόμου
605 3237 640 3324 ⁶).

247 3342 290 3407 Et
312 3340 355 3405 ad
376 3340 476 3407 filium
507 3340 559 3407 hic
586 3359 698 3407 servus
731 3338 871 3424 pertinet
904 3345 936 3405 et
969 3338 1013 3404 ad
1045 3358 1193 3405 uxorem:
1226 3343 1324 3407 verbo
1359 3347 1463 3427 παρῆν

248 3445 400 3512 doeemur
422 3467 478 3513 cur
500 3452 598 3512 antea
621 3444 754 3510 maritus
770 3443 953 3509 nominatus
975 3443 1031 3509 sit:
1056 3443 1216 3529 epiclercs
1231 3443 1404 3511 statuenda
1419 3443 1462 3510 ad
1522 3463 1523 3472 ¹

248 3549 339 3615 cuius
360 3548 461 3614 filium
483 3547 665 3634 superstitis
687 3546 915 3632 patrimonium
937 3546 991 3612 avi
1013 3547 1190 3631 perveniat.
1236 3548 1306 3613 Iam
1322 3568 1399 3614 vero
1422 3547 1463 3614 de

339 3836 360 3903 1)
396 3835 509 3905 Ussing,
527 3835 608 3889 Inscr
626 3830 667 3888 (ir
684 3831 750 3886 ined
768 3849 787 3902 p
808 3833 842 3887 10
860 3848 921 3902 sqq.

338 3924 360 3992 ²)
395 3924 467 3978 Hom
487 3922 529 3978 Od
545 3922 594 3989 IV,
613 3919 672 3974 735.
709 3918 1040 3989 cfrEur,IphAu146:

280 4014 314 4079 σῇ
332 4011 384 4079 γάρ
404 4006 432 4077 μ’
453 4005 545 4077 ἀλόχῳ
563 4008 624 4061 τότε
642 4006 799 4074 Τυνδάρεώς
816 4011 913 4074 πέμπει
931 4006 1036 4075 φερνήν,

248 4103 278 4153 et
294 4095 577 4255 Μζζοῃίόόεδῗὴῗιώό
592 4094 722 4253 (όόὲῗιῗίτ
739 4181 896 4251 Kirohhoff‚
914 4180 1058 4236 Archaeol
1075 4180 1136 4235 Zeit
1156 4179 1230 4235 1879.

333 4272 356 4341 ⁴)
392 4270 514 4339 Curtius,
532 4270 631 4326 Anccd
648 4267 742 4337 Delph
762 4270 802 4323 17.

334 4359 355 4428 ⁶)
389 4358 453 4413 Bull
471 4358 507 4414 de
525 4375 590 4414 corr
608 4357 663 4414 hell
683 4356 750 4412 1884
767 4372 786 4425 p
806 4356 848 4410 55.
