3142 4950
695 321 738 386 45

108 528 251 613 maritus,
285 548 480 614 quamquam
513 528 565 595 hie
597 533 630 594 et
657 529 798 595 auctoris
831 527 965 594 secundi
997 547 1129 594 munere
1168 533 1200 593 et
1232 527 1324 594 testis

108 632 251 715 fungitur
264 633 300 710 ¹):

149 733 340 822 Δικαιογόρα
361 734 518 822 Διοδώρου
540 735 797 814 συνευδοκέοντος
825 738 880 800 καί
904 737 959 801 τοῦ
981 735 1047 801 υίοῠ
1070 733 1227 820 Διοδώρου
1249 734 1321 799 κτλ·

151 839 327 926 βεβαιωτήρ
350 837 434 905 κατὰ
454 838 507 905 τὸν
528 838 621 926 νόμον
642 841 698 917 τοῖς
719 838 827 917 πόλιος
841 838 972 925 ’Δρχων
995 839 1137 905 Καλλία.
1171 837 1324 925 μάρτυρες

150 943 180 1007 oi
201 943 291 1027 ίερεῖς
312 950 367 1008 τοῦ
386 940 587 1021 ’Λπόλλωνος
602 941 734 1029 Ἀρχων
755 941 882 1007 Καλλία
904 941 972 1009 κτλ.

108 1062 261 1128 Attamen
289 1064 482 1148 compluries
495 1063 517 1142 ²)
551 1069 681 1150 praeter
714 1064 864 1129 maritum
898 1064 991 1129 liberi
1024 1063 1189 1146 dicuntur,
1223 1081 1323 1144 quare

109 1164 195 1231 idem
219 1165 315 1232 aliter
338 1166 417 1232 alibi
438 1168 571 1232 verbum
593 1166 783 1250 intellegere
805 1185 939 1232 neeesse
955 1171 1051 1232 esset.
1094 1166 1184 1231 Haeo
1203 1165 1263 1230 etsi
1278 1165 1325 1231 ita

109 1276 198 1354 sunt,
232 1289 420 1336 eonsensum
449 1269 557 1335 mariti
578 1271 664 1336 bona
686 1268 943 1335 administrantis
965 1269 1092 1353 legibus
1113 1267 1325 1354 Delphiorum

107 1373 227 1455 requiri
248 1374 317 1439 veri
339 1373 462 1440 simile:
496 1374 529 1438 in
557 1372 810 1438 manumissione
835 1373 908 1457 ipsa
930 1373 1045 1438 tutoris
1067 1392 1131 1437 non
1153 1370 1326 1454 requiritur

108 1477 295 1543 auctoritas.
318 1514 359 1524 -
381 1476 530 1543 Theraea
550 1476 701 1561 Epicteta
729 1476 817 1558 quod
839 1496 898 1543 sua
920 1476 1000 1542 dieit
1022 1472 1200 1560 αὐτόκτητα
1221 1473 1324 1561 χωρία

109 1578 196 1644 haud
218 1580 286 1646 seio
309 1601 352 1646 an
365 1579 464 1646 vidua
480 1579 697 1662 acquisiverit.
711 1615 750 1628 -
762 1580 801 1645 In
815 1580 909 1646 titulo
924 1578 1049 1646 Rhodio
1066 1600 1137 1645 cum
1153 1578 1325 1643 iubeantur

109 1683 207 1748 etiam
233 1681 386 1760 πολιτίδες
414 1683 583 1768 penuriam
612 1683 758 1749 eonferre
787 1721 830 1731 —
859 1705 898 1749 aa
931 1683 1052 1748 femina
1080 1681 1262 1748 nominatur
1290 1682 1323 1745 in

108 1794 201 1871 parte
224 1786 251 1870 R
278 1824 319 1835 -
353 1806 452 1871 saepe
480 1786 529 1851 vir
557 1793 589 1851 et
616 1807 675 1871 pro
703 1807 739 1853 se
767 1787 838 1872 ipso
867 1793 900 1852 et
927 1807 985 1871 pro
1010 1785 1083 1852 aliis
1106 1785 1186 1851 dare
1208 1784 1326 1849 dieitur

108 1892 196 1956 velut
217 1911 276 1976 pro
298 1910 399 1957 uxore
424 1890 598 1972 liberisque
627 1895 683 1955 aut
711 1911 768 1976 pro
796 1909 898 1955 uxore
926 1891 1011 1955 sola:
1045 1910 1170 1955 summa
1198 1907 1325 1974 semper

110 2014 176 2059 una
197 1994 320 2079 scripta
342 1994 388 2060 ita
411 1999 445 2058 ut
468 1992 508 2058 de
531 1993 667 2078 singulis
689 1993 769 2058 nihil
792 1999 926 2075 constet,
955 1993 1050 2059 sieuti
1072 1993 1224 2077 legimus:

132 2118 162 2162 a.
196 2096 330 2181 Διοκλῆς
351 2094 572 2181 Λεωδάμαντος
609 2098 664 2160 καὶ
703 2089 780 2181 ὑπὲρ
813 2097 868 2162 τοῦ
901 2096 967 2161 υἱοῦ
1001 2095 1167 2181 Ξενοτίμου
1199 2092 1324 2177 ΙΧῙΧΧ,

196 2198 351 2277 Θεόδοτος
383 2197 571 2285 Ἀρχιδάμου
609 2197 686 2285 ὑπὲρ
724 2198 819 2264 αὐτοῦ
856 2203 910 2264 καὶ
942 2205 1002 2265 τῶν
1037 2199 1153 2265 τέκνων
1184 2201 1240 2263 καί
1270 2200 1326 2275 τᾶς

194 2301 338 2388 γυναικὸς
358 2300 471 2385 XXX,
504 2301 680 2388 Παχράσης
713 2303 834 2369 παιδίον
857 2300 1053 2388 Ἀριστίππου
1082 2304 1136 2367 καί
1165 2300 1242 2387 ὑπὲρ
1270 2306 1325 2366 τοῦ

193 2405 322 2471 πάππου
339 2401 527 2492 Ἀλκιδάμου
544 2426 551 2439 ·
569 2425 576 2439 ·
593 2426 616 2490 ·,
639 2403 845 2485 Ἀπολλώνιος
863 2399 1069 2472 Ἀπολλωνίου
1092 2407 1146 2469 καί
1168 2402 1246 2490 ὑπὲρ
1268 2410 1322 2469 τοῦ

194 2508 324 2596 πατρός·

132 2617 163 2680 b.
197 2613 276 2679 Δίων
296 2611 443 2690 Διοκλεῦς
464 2614 519 2676 καί
541 2610 619 2698 ὑπέρ
641 2618 697 2691 τάς
718 2611 873 2699 γυναικός,
896 2612 1042 2699 Διογένης
1056 2611 1256 2702 Διομέδοντος
1270 2613 1326 2676 καί

194 2714 272 2801 ὑπὲρ
294 2722 350 2793 τοῖς
371 2715 530 2801 θυγατρός
545 2737 552 2751 ·
569 2737 577 2752 ·
595 2737 620 2800 ·,
642 2717 750 2781 παιδία
773 2715 940 2782 Ξενοδίκου
962 2716 1010 2781 Χ·

132 2841 160 2886 e.
196 2817 342 2904 Νικάνωρ
364 2816 524 2904 Εὐτηρίδα
551 2822 606 2884 καί
633 2813 711 2905 ὑπὲρ
739 2827 800 2886 τῶν
829 2820 901 2885 υίῶν
928 2822 984 2884 καί
1011 2825 1067 2898 τᾶς
1093 2817 1238 2906 γυναικὸς
1260 2814 1326 2885 ἀντί

194 2923 248 2987 τοῦ
271 2923 353 2989 οίνου
375 2920 565 3008 ΧΗΗΗΗ,
587 2921 737 3009 Βίτταρος
756 2922 910 3010 Βιττάρου
933 2925 988 2988 καί
1009 2917 1086 3009 ὑπὲρ
1108 2929 1163 2988 τοῦ
1185 2916 1324 3007 ἀδελφοῦ

193 3023 441 3103 Καλλισθένευς·

133 3127 163 3193 d.
193 3125 429 3311 Ἀλθαιμέ[νχρ
500 3129 650 3210 ]σδένευς
677 3131 732 3194 καί
759 3126 837 3214 ὑπὲρ
862 3134 923 3195 τῶν
948 3129 1021 3195 υίῶν
1048 3127 1219 3214 σιτηρέσιον
1247 3128 1323 3195 ἐτῶν

195 3230 250 3296 δύο
273 3230 372 3297 ΗΗΗ

111 3352 302 3418 Simillimae
323 3352 466 3419 tabellae
488 3361 562 3420 sunt
583 3354 803 3439 Calymnaeae
826 3359 858 3418 et
880 3350 1030 3418 Gnidiae:

154 3455 184 3521 οί
212 3457 247 3520 δέ
275 3454 428 3536 συντάξειν
455 3455 693 3543 προαιρούμενοι
724 3454 777 3523 τὸν
810 3455 923 3521 θίασον
956 3454 1179 3540 ἐπαγγείλαντο
1212 3453 1324 3533 aalide

153 3560 286 3645 ἔδωκαν,
307 3558 453 3646 Νέαρχος
470 3558 676 3646 Ἡρακλείτου
698 3552 775 3645 ὑπὲρ
798 3557 947 3644 Νεάρχου
968 3559 1023 3625 τοῦ
1035 3557 1228 3639 Ἀναξικλεῦς
1249 3560 1324 3624 κτλ·

154 3661 288 3748 Διοκλῆς
303 3662 391 3748 Φρὺξ
412 3666 467 3727 καί
488 3662 565 3749 ὑπὲρ
587 3665 647 3730 τῶν
669 3663 798 3728 παιδίων
819 3663 892 3728 κτλ·
917 3661 1002 3741 Θόας
1017 3661 1149 3741 Μύνδιος
1170 3665 1225 3728 καί
1246 3658 1324 3747 ὑπὲρ

153 3767 213 3832 τῶν
236 3766 309 3832 υίῶν
330 3767 404 3831 κτλ·
427 3765 591 3853 Εὐήμερος
612 3768 667 3830 καί
689 3764 766 3850 ὑπὲρ
787 3773 843 3844 τᾶς
864 3765 1017 3852 γυναικός.

111 3869 180 3936 Nee
202 3869 402 3954 Smyrnaeae
423 3891 487 3935 nnn
509 3877 583 3935 sunt
604 3869 737 3936 tabulae
759 3869 932 3954 hominum,
955 3869 1009 3952 qui
1030 3870 1064 3935 in
1080 3889 1180 3955 opera
1194 3869 1326 3954 publiea

116 3978 284 4057 argentum
307 3973 481 4058 contulere,
502 3973 558 4040 ubi
581 3972 624 4039 ad
647 3972 778 4039 nomina
800 3993 899 4058 saepe
922 3972 1067 4038 additur:
1096 3974 1151 4037 καί
1172 3970 1249 4058 ὑπὲρ
1271 3973 1327 4057 τῆς

199 4183 219 4252 ¹)
255 4183 291 4238 W
309 4181 333 4236 dr
351 4180 374 4235 F
393 4180 452 4235 434.
488 4180 532 4235 cfr
553 4172 599 4236 Le'
615 4182 674 4236 Bas
692 4181 716 4234 dr
733 4179 928 4250 Waddington
946 4181 971 4235 N
989 4180 1054 4234 952:
1091 4180 1255 4248 Δικαιαγόροι
1272 4183 1325 4233 Διο-

14 4245 15 4328 l
113 4271 198 4338 δωρον
218 4272 436 4332 συνευδοκέοντος
453 4271 500 4321 τοῦ
519 4272 583 4322 ἰδίου
603 4265 698 4336 ἀνδρὸς
710 4266 850 4335 Ἄρχωνος.

198 4358 221 4428 ν
256 4358 293 4415 w
311 4358 335 4412 s
352 4356 375 4411 r
392 4356 440 4424 aa
458 4357 523 4428 κως
541 4358 607 4428 4263
626 4357 692 4427 κως
711 4355 771 4410 437.
