3142 4950
716 329 758 392 33

125 541 236 601 oenset
257 536 363 621 ipsum
385 538 511 619 patrem‘
533 535 641 602 dotem
664 556 853 622 oompsrure
875 535 1036 603 debuisse.
1080 538 1130 603 Ea
1155 540 1209 604 lex
1231 557 1339 622 quum-

62 714 66 721 ·
125 659 224 722 quarn
246 639 421 706 momoriae
443 639 598 725 proditur,
622 640 671 707 his
694 646 803 707 tamen
825 641 933 708 uerbis
955 641 1077 726 soripta
1099 649 1162 709 est:

167 751 239 818 Τῶν
267 751 444 839 ἐπικλήρων
472 752 542 818 ὅσαι
570 754 702 839 θητικόν
724 754 871 837 τελοῦσιν,
901 753 955 820 ἐάν
977 752 1020 840 μή
1045 753 1194 840 βούληται
1216 756 1301 841 ἐχειν
1323 749 1340 820 6

166 854 322 942 ἐγγύτατα
360 856 482 942 γένους,
523 856 672 923 ἐκδιδότω
710 856 832 934 ἐπιδοὺς
868 851 885 921 ό
920 859 975 943 μέν
1008 857 1340 945 πεντακοσιομέδιμνος

165 960 372 1037 πεντακοσίας
405 959 559 1046 δραχμάς,
593 959 610 1025 6
643 961 678 1025 δέ
711 958 819 1038 ίππεός
851 961 1040 1045 τριακοσίας,
1077 959 1095 1025 6
1128 961 1163 1027 δέ
1195 962 1338 1047 ζευγίτης

167 1063 280 1130 ἑκατόν
301 1062 504 1149 πεντήκοντα,
526 1062 603 1148 πρός
618 1064 662 1142 οίς
678 1057 783 1149 αὐτῆς.
829 1064 884 1129 ἐάν
906 1065 942 1128 δέ
962 1064 1086 1142 πλείους
1108 1064 1180 1131 ὦσιν
1203 1056 1340 1150 (ἄνδρες)

167 1168 199 1232 ἐν
228 1167 272 1255 τῷ
301 1165 384 1252 αὐτῷ
412 1166 503 1252 γένει,
531 1167 570 1252 τή
601 1165 760 1253 ἐπικλήρῳ
789 1166 866 1252 πρός
889 1167 982 1253 μέρος
1007 1168 1175 1235 ἐπιδιδόναι
1197 1170 1339 1234 ἕκαστον.

166 1270 221 1335 ἐάν
249 1271 284 1334 δέ
312 1280 456 1356 γυναῖκες
484 1270 608 1348 πλείους
636 1269 702 1355 ὦσι,
731 1271 774 1356 μή
805 1269 980 1357 ἐπάναγκες
1009 1271 1202 1338 εἶναιπλέον
1223 1271 1245 1357 ἦ
1269 1272 1340 1359 μίαν

164 1373 311 1440 ἐκδοῦναι
339 1382 381 1460 τῷ
411 1366 439 1461 γ’
469 1375 528 1441 ἐνί·
562 1374 644 1439 άλλά
671 1375 723 1440 τόν
751 1374 907 1460 ἐγγύτατα
936 1376 987 1439 δεῖ
1012 1373 1166 1442 ἐκδιδόναι
1193 1375 1215 1460 ή
1245 1375 1338 1442 αὐτόν

167 1478 259 1565 ἐχειν.
290 1475 344 1543 ἐὰν
370 1479 405 1542 δέ
434 1476 476 1564 μή
505 1478 566 1564 ἐχη
596 1475 612 1541 6
642 1476 802 1564 ἐγγυτάτω
828 1477 935 1564 γένους
963 1477 985 1563 ή
1008 1477 1051 1563 μή
1075 1479 1168 1565 ἐκδῷ,
1193 1473 1210 1542 ό
1233 1478 1340 1565 ἄρχων

167 1580 412 1666 ἐπαναγκαζέτω
434 1580 455 1666 ή
479 1581 571 1646 αὐτόν
593 1583 678 1667 ἐχειν
699 1580 721 1667 ή
744 1582 898 1647 ἐκδοῦναι.
928 1580 981 1646 ἐὰν
1004 1583 1039 1645 δέ
1063 1582 1107 1667 μή
1131 1580 1338 1670 ἐπαναγκάσῃ

169 1681 186 1747 6
209 1682 327 1769 ἄρχων,
350 1680 499 1768 όφειλέτω
521 1685 623 1771 χιλίας
646 1685 792 1771 δραχμάς
814 1683 898 1770 ἱεράς
918 1685 957 1770 πή
975 1683 1101 1771 ‘'Hpqu’).
1383 1679 1388 1689 ’

124 1786 173 1851 De
196 1787 345 1872 epioleris
368 1788 475 1871 agitur
496 1789 709 1873 pauperibus:
742 1789 858 1872 quibus
887 1793 977 1853 certa
1006 1786 1065 1853 dos
1091 1787 1272 1872 requiritur,
1305 1795 1341 1853 ut

124 1890 166 1956 sit
188 1891 243 1974 qui
265 1911 322 1957 ess
345 1891 443 1957 duest
464 1912 546 1958 neve
568 1912 685 1958 nomen
707 1892 852 1958 familiae
867 1890 1023 1957 deleatur.
1068 1890 1187 1956 Verum
1203 1892 1340 1975 pecunia

123 1993 164 2058 iis
197 1992 275 2071 dota
307 2014 372 2059 non
404 2003 471 2061 tum
500 1994 558 2062 dos
587 1995 703 2080 (προίξ)
731 1994 884 2061 habenda
912 2001 960 2059 est
987 2013 1085 2077 quam
1112 1994 1340 2079 patrimonium

125 2095 266 2181 (κλῆρος)
296 2117 358 2163 neo
386 2098 572 2164 ratiocinari
600 2117 770 2184 possumus
799 2098 876 2181 quid
904 2096 1113 2163 iudicandum
1141 2098 1183 2163 sit
1205 2097 1246 2163 do
1268 2098 1342 2182 ipsa

125 2198 201 2265 dote
224 2199 319 2266 etde
341 2200 409 2267 filia
432 2201 482 2267 oni
505 2221 622 2268 nomen
645 2208 693 2268 est
714 2199 903 2286 ἐπίπροικος.
947 2202 1092 2266 Alterum
1107 2201 1212 2266 looum
1228 2201 1342 2266 laudat

124 2303 308 2370 Barrilleau
335 2303 418 2369 Deru
445 2304 514 2389 XL,
547 2306 589 2369 22
616 2312 648 2371 et
669 2306 722 2389 24,
755 2305 812 2370 ubi
844 2305 1004 2370 Iudieibus
1036 2306 1176 2389 probaro
1209 2303 1341 2387 quidam

124 2406 232 2472 studet
259 2413 396 2472 matrem
425 2427 516 2474 suam
548 2429 620 2474 oum
648 2411 784 2474 nuberet
813 2407 922 2474 dotem
950 2409 1120 2474 habuisse:
1154 2414 1247 2495 patre
1269 2428 1340 2473 earn

124 2510 224 2577 divite
246 2518 357 2578 natum
379 2512 578 2597 honestoque
593 2513 682 2579 dioit.
726 2515 826 2580 Porro
845 2514 933 2599 apud
949 2514 1077 2578 Isaeum
1085 2513 1108 2595 ²)
1131 2513 1161 2578 oi
1184 2512 1239 2596 qni
1260 2513 1342 2593 petit

124 2614 352 2701 explicandum
390 2615 517 2682 videtur
551 2637 614 2701 quo
648 2624 745 2702 puoto
778 2617 899 2683 faoturn
933 2616 975 2682 sit
1008 2623 1044 2681 ut
1078 2616 1228 2681 ditissimi
1261 2614 1341 2681 oivis

2 2801 3 2808 γ
122 2718 192 2784 filia
214 2725 281 2785 tam
303 2719 429 2785 modice
452 2719 628 2787 dotaretur.
672 2723 716 2787 At
738 2741 778 2786 ox
794 2726 906 2785 neutro
922 2720 993 2785 looo
1009 2720 1102 2785 nobis
1120 2719 1250 2803 quidem
1265 2719 1341 2783 lioet

124 2821 253 2888 efficere
275 2822 456 2908 quiequam,
480 2843 551 2889 oum
574 2844 695 2890 morem
717 2823 818 2889 fuisse
840 2824 928 2889 filiae
943 2822 1108 2890 dotandus
1123 2843 1217 2888 nemo
1232 2828 1339 2906 neget.

122 2926 212 2992 Iusto
241 2926 339 3008 igitur
360 2927 429 2992 iure
446 2926 635 2993 Thalheimo
658 2928 807 2993 omnibus
829 2927 909 2993 loeis
931 2928 1087 3011 respectis
1110 2926 1168 2992 dos
1191 2927 1263 3011 ipsu
1277 2946 1341 2991 non

122 3048 220 3114 posse
253 3029 286 3093 in
318 3029 438 3095 iudicio
466 3030 534 3114 peti
562 3029 650 3115 apud
684 3030 851 3095 universos
884 3030 1027 3095 Graeoos
1059 3028 1227 3109 videtur³).
1271 3029 1340 3095 Neo

121 3131 243 3217 Ephesi
271 3132 304 3196 in
332 3133 410 3197 urbe
438 3133 550 3198 Ionios
577 3132 724 3215 legitima
752 3132 812 3197 dos
842 3137 890 3197 est
919 3130 1106 3197 statuenda:
1140 3131 1222 3213 legis
1256 3130 1341 3195 enirn

124 3235 211 3301 oiroa
234 3254 351 3300 annum
376 3235 424 3300 αθ
447 3236 676 3318 octogesimum
699 3236 829 3301 tertium
853 3234 961 3319 datae,
984 3233 1074 3301 ouius
1091 3240 1198 3301 exstat
1219 3234 1341 3319 titulus,

121 3338 253 3421 verba⁴)

165 3439 233 3505 ὅσοι
255 3442 289 3505 δέ
312 3440 424 3526 φερνάς
447 3439 602 3526 ὀφείλουσι
617 3442 797 3528 θυγατρίοις
812 3441 833 3527 d
852 3435 1002 3528 ἀδελφαῖς
1017 3450 1082 3519 ταῖς
1098 3437 1199 3507 αὑτῶν
1215 3463 1336 3528 μεμερι·

166 3541 257 3622 κότες
280 3544 317 3608 ἐκ
338 3544 394 3631 τῆς
415 3544 563 3632 πατρῴας
585 3545 691 3624 οὐσίας

215 3752 234 3820 l)
270 3752 343 3806 Dern
369 3753 470 3822 XLIII,
488 3753 530 3807 54.
555 3754 598 3809 ofr
628 3755 705 3810 Diod
728 3754 792 3824 XII,
817 3753 849 3808 18
872 3754 908 3808 de
931 3753 1099 3809 Charondae
1117 3753 1181 3823 lege
1199 3752 1339 3809 Thurina:

122 3837 247 3904 ώςαότως
264 3843 295 3891 δέ
312 3844 359 3893 καί
382 3841 429 3909 τήν
453 3844 596 3909 ἐπίκληρον
619 3842 821 3907 ἐπιδικάζεσθαι
842 3844 878 3908 τῷ
897 3836 1022 3908 άγχιστεῖ,
1041 3841 1062 3909 η’)
1080 3841 1113 3909 ήν
1131 3836 1237 3909 ἀνάγκη
1256 3858 1338 3894 συνοι-

121 3934 178 3979 κεῖν
201 3926 219 3994 ή
247 3932 423 3992 πεντακοσίας
450 3931 552 3981 ἐκτῖσαι
575 3930 696 3997 δραχμάς
721 3934 759 3994 εἰς
781 3928 892 3996 προικός
915 3929 997 3996 λόγον
1014 3932 1047 3996 τῇ
1065 3930 1176 3996 πενιχρᾷ
1194 3927 1339 3996 ἐπικλήρῳ.

123 4012 255 4069 Ceterum
272 4014 340 4068 vide
357 4014 367 4068 l
385 4015 395 4068 I
412 4031 431 4083 p
452 4016 509 4069 195.

208 4101 231 4172 ²)
254 4102 332 4156 Isse
351 4117 384 4155 or
401 4101 476 4157 VIII.

210 4189 231 4257 ⁸)
267 4187 376 4258 Andqu
405 4187 452 4242 for
481 4205 500 4256 p
530 4190 577 4243 66:
614 4188 657 4245 ofr
682 4189 770 4244 Meier
797 4190 822 4243 de
849 4189 1034 4252 Sohoernsnn,
1060 4187 1114 4243 Att
1140 4189 1214 4245 Proo
1237 4208 1256 4258 p
1280 4190 1339 4244 415.

123 4272 301 4330 Sohoemanu
319 4274 357 4330 ad
376 4274 441 4329 Isse
460 4291 477 4342 p
496 4274 555 4331 233.
593 4266 739 4345 Gilbert'p
759 4275 818 4330 182.

207 4363 231 4432 ¹¹)
266 4362 478 4431 Dittenberger‚
497 4361 557 4433 Syll
575 4363 626 4418 344
644 4381 664 4418 v
682 4365 723 4419 55.
1171 4434 1187 4486 3
