3142 4950
836 325 879 387 30

755 415 954 422 --—·..-.--,

246 529 307 595 rito
315 528 353 614 ¹):
371 533 430 597 ab
463 533 536 619 ipsa
568 538 678 598 tamen
700 529 847 597 archonti
880 531 922 598 de
956 532 1093 599 divortio
1120 533 1249 599 litterae
1277 541 1351 600 suut
1380 535 1462 600 acci-

245 633 386 719 piendae
399 635 432 719 2),
456 636 490 701 id
512 636 599 719 quod
626 655 685 720 pro
714 635 857 701 moribus
880 642 913 701 et
935 636 1108 722 disciplina
1130 637 1300 703 mulierum
1323 638 1463 705 Graeca-

246 757 316 802 rum
353 737 440 805 haud
482 739 576 824 parvi
620 737 872 804 aestimabimus.
934 737 1057 817 Quodsi
1092 739 1339 807 Lacedaemone
1375 742 1463 807 velut

244 840 380 908 Athenis
421 843 537 908 marito
578 841 737 908 arbitratu
770 861 828 907 suo
864 842 974 909 uxoris
1011 842 1234 927 repudiandae
1269 851 1463 930 potestatem

245 943 345 1009 fuisse
377 944 497 1010 Jannet
524 966 546 1030 p
578 943 637 1008 106
666 945 842 1011 arbitratus
869 945 1026 1012 Herodoti
1052 947 1327 1013 narratiunculam
1349 947 1463 1014 laudat

245 1045 301 1129 VI,
323 1047 380 1111 62:
424 1048 548 1131 Agetus
570 1047 626 1112 ille
649 1046 791 1130 quodam
812 1048 1018 1117 iureiurando
1041 1049 1262 1133 adstringitur,
1277 1057 1312 1117 ut
1327 1072 1461 1118 uxorem

246 1149 389 1216 Aristoni
411 1150 522 1217 tradat
533 1151 572 1237 8),
601 1157 745 1217 attamen
774 1151 881 1219 Aristo
897 1173 968 1219 suo
994 1154 1154 1220 arbitratu
1175 1155 1308 1238 abigere
1331 1176 1462 1221 uxorem

244 1254 381 1319 alteram
408 1253 545 1339 videtur,
574 1273 691 1339 nempe
721 1256 804 1322 alius
827 1277 937 1323 aurore
958 1257 1176 1323 inflammatus
1198 1263 1229 1336 (e
1251 1257 1292 1321 63
1313 1258 1396 1341 init).
1419 1296 1461 1307 -

243 1357 392 1423 Sterilem
414 1378 547 1425 uxorem
569 1357 718 1424 nimirum
739 1359 873 1442 abigere
895 1359 995 1444 licuit,
1018 1361 1046 1426 si
1068 1360 1198 1443 quidem
1221 1361 1349 1427 omuino
1372 1368 1460 1428 reete

243 1461 384 1527 studium
412 1461 556 1528 familiae
584 1461 827 1528 conservandae
855 1463 888 1529 in
915 1464 1042 1546 legibus
1071 1471 1104 1529 et
1126 1463 1299 1549 disciplina
1321 1464 1461 1531 Graeco-

242 1584 312 1630 rum
336 1565 549 1648 cognoscitur.
594 1567 714 1632 Contra
735 1565 825 1651 apud
847 1565 958 1632 Cretes
980 1567 1100 1633 nimiae
1122 1568 1223 1652 prolis
1245 1587 1321 1653 spes
1342 1569 1459 1634 marito

246 1686 366 1734 causae
389 1667 518 1734 divortii
540 1667 682 1734 faciendi
705 1669 822 1749 erat⁴).

328 1806 441 1872 Altera
470 1805 556 1872 iusta
583 1805 713 1872 divortii
741 1826 842 1872 causa
869 1805 1064 1872 adulterium
1092 1807 1161 1872 fuit.
1212 1809 1365 1874 Attamen
1387 1830 1461 1875 cum

242 1930 302 1976 uos
323 1930 382 1995 pro
406 1909 566 1974 communi
589 1928 673 1992 quae
695 1907 737 1974 de
757 1908 791 1974 vi
813 1909 1009 1974 matrimonii
1025 1916 1074 1976 est
1088 1912 1249 1976 sententia
1265 1911 1462 1977 adulterium

244 2034 264 2079 a
286 2012 402 2078 marito
429 1997 493 2077 uon
515 2012 621 2078 minus
649 2031 745 2095 quam
767 2011 810 2076 ab
833 2032 933 2077 uxore
954 2012 1024 2077 fieri
1046 2019 1200 2096 vetemus,
1224 2014 1311 2099 apud
1333 2020 1461 2081 veteres

242 2115 410 2182 universos
438 2115 527 2180 velut
555 2114 695 2180 Iudaeos
724 2113 876 2179 adulterii
899 2115 982 2180 ratio
1004 2136 1069 2181 uou
1090 2116 1272 2182 habebatur
1292 2116 1355 2182 nisi
1377 2139 1462 2183 com·
1550 2112 1554 2121 ’

241 2219 331 2285 missi
364 2220 406 2284 ab
434 2238 549 2284 uxore:
579 2224 611 2282 et
639 2219 681 2283 ab
710 2216 772 2283 hac
801 2224 833 2282 et
864 2218 1039 2285 amoecbo
1062 2220 1256 2304 supplicium
1279 2223 1460 2287 sumebant.

242 2323 352 2388 Draco
374 2322 440 2388 iam
463 2321 599 2387 Athenis
621 2316 785 2407 permisit,'
801 2326 836 2386 ut
858 2323 992 2387 maritus
1015 2321 1198 2387 adulterum
1219 2322 1252 2388 in
1274 2324 1348 2409 ipsa
1363 2325 1460 2410 culpa

243 2425 477 2513 deprehensum
506 2430 653 2492 necaret:
683 2425 737 2509 qui
765 2429 884 2510 tamen,
907 2445 949 2492 ne
970 2425 1105 2492 infamia
1126 2423 1307 2512 notaretun'
1325 2448 1460 2495 uxorem

242 2528 416 2617 repudiare
439 2528 564 2594 debuit:
594 2548 633 2593 ac
661 2528 703 2594 de
726 2527 875 2594 adultera
897 2530 987 2612 leges
1009 2537 1102 2595 erant
1123 2530 1345 2615 gravissimae,
1367 2533 1458 2597 velut

242 2655 263 2700 a
290 2633 392 2700 saeris
421 2652 549 2717 semper
576 2630 810 2717 prohibebatur
821 2632 854 2715 ⁵).
899 2632 983 2697 Huic
1006 2633 1144 2698 abactae
1172 2635 1328 2700 uxorius
1351 2634 1460 2701 dotem

243 2736 373 2822 quidem
396 2736 521 2801 restitui
543 2735 612 2800 veri
634 2735 739 2801 simile
761 2741 819 2801 est.
864 2734 959 2811 Quod
981 2734 1069 2821 apud
1089 2736 1326 2822 Plutarchum)
1342 2738 1460 2823 legitur

240 2842 294 2907 lex
317 2840 461 2907 Solonis:

284 2960 322 3028 ἂν
351 2954 367 3026 ὃ
389 2957 513 3045 κρατῶν
533 2962 589 3025 καὶ
609 2958 715 3045 κύριος
741 2956 878 3045 γεγονώς
899 2965 955 3044 τῆς
978 2958 1149 3045 ἐπικλήρου
1177 2958 1261 3024 κατὰ
1291 2961 1344 3027 τὸν
1364 2959 1459 3048 νόμον

284 3062 384 3142 αὐτὸς.
409 3061 453 3149 μη
480 3064 607 3141 δυνατὸς
638 3061 660 3149 η
693 3058 883 3147 πλησιάζειν,
917 3059 977 3127 ὑπὸ
1009 3062 1070 3129 τῶν
1102 3064 1231 3149 ἔγγιστα
1262 3070 1317 3128 τοῦ
1346 3057 1457 3150 ἀνδρὸς

242 3257 444 3268 ..-.-.----

328 3391 349 3460 1)
384 3391 445 3459 Lug
469 3387 578 3458 Seguer
600 3388 703 3458 p421:
734 3384 873 3442 ἀπολείπει
896 3392 942 3456 μὲν
963 3388 981 3458 ἠ
1000 3390 1065 3458 γονὴ
1084 3390 1129 3443 τὸν
1148 3389 1239 3460 ἄνδρα,
1259 3387 1409 3460 ἀποπέμπει
1427 3397 1457 3446 δὲ

239 3480 254 3534 ὁ
275 3475 342 3549 ἀνὴρ
360 3479 407 3546 τὴν
424 3483 546 3546 γυναῖκα.

326 3566 349 3635 ²)
384 3565 450 3619 Plut
466 3562 550 3618 Aloib
568 3562 598 3617 8:
618 3563 704 3615 δεῖτὸ
722 3564 771 3631 τῆς
790 3558 957 3630 ἀπολείψεως
974 3564 1086 3631 γράμμα
1103 3565 1177 3631 παρὰ
1189 3566 1226 3632 τῷ
1239 3564 1347 3633 ἄρχοντι
1358 3570 1457 3621 θέσθαι

240 3655 276 3724 μη
296 3649 330 3707 δι’
352 3655 457 3719 ἑτέρων,
476 3646 532 3703 ἀλλ’
555 3644 638 3718 αὐτὴν
655 3652 800 3716 παροῦσαν.

331 3741 351 3810 ³)
386 3739 409 3793 P
428 3736 562 3805 Thomas,
579 3736 680 3791 Revue
699 3736 734 3790 de
752 3736 844 3791 l’instr
860 3736 929 3806 publ
947 3753 982 3791 eu
999 3738 1071 3808 Belg
1088 3739 1194 3808 XXIII,
1212 3740 1272 3795 266.

328 3828 350 3896 ⁴)
386 3824 500 3879 Aristot
517 3823 571 3877 Pol
588 3823 624 3892 11,
643 3824 668 3892 7,
687 3823 711 3877 5.

330 3914 351 3984 ⁵)
387 3913 459 3966 Deru
486 3926 501 3964 c
527 3909 621 3966 Neaer
647 3927 666 3980 p
695 3910 776 3964 1347:
813 3913 920 3965 ἐπειδὰν
938 3916 968 3965 δὲ
995 3916 1043 3981 ἕλη
1062 3914 1107 3966 τὸν
1126 3913 1226 3981 μοιχόν,
1250 3916 1286 3984 μη
1305 3918 1402 3978 ἐξέστω
1420 3917 1456 3982 τῷ

239 4003 325 4056 ἑλόντι
343 4005 471 4053 συνοικεῖν
493 4000 526 4064 τῇ
550 4002 667 4065 γυναικί·
693 3992 739 4051 ὲοὶν
762 4001 793 4051 δὲ
815 4002 932 4066 συνοικῇ,
951 3998 1044 4067 ἄτιμος
1063 4003 1137 4055 ἔστω.
1157 4004 1225 4069 μηδὲ
1242 4002 1275 4069 τῇ
1293 4006 1398 4069 γυναικὶ
1415 4005 1455 4065 ἑξ-

239 4095 306 4144 seeo
334 4090 439 4152 εἰςιένοιι
465 4088 503 4148 εἰς
528 4085 562 4137 τοὶ
589 4085 648 4152 ἱεροὶ
670 4086 703 4138 τοὶ
728 4086 871 4154 δημοτελῆ,
896 4083 939 4154 ἐφ’
964 4088 981 4155 ἦ
1006 4088 1038 4141 ἂν
1061 4089 1155 4155 μοιχὸς
1173 4086 1243 4156 ἁλῷ·
1268 4090 1314 4142 triv
1333 4091 1363 4141 δὲ
1381 4093 1455 4155 sigla,

239 4178 354 4245 νηποινεὶ
372 4174 496 4239 πασχέτω
515 4170 555 4223 ὅτι
573 4170 605 4225 ἂν
622 4172 712 4240 ποὶοχη
731 4174 801 4241 πλὴν
817 4174 946 4228 θανάτου.
982 4176 1091 4230 Eadem
1109 4173 1170 4231 fere
1188 4176 1234 4231 lex
1247 4174 1360 4231 Solonis
1378 4176 1455 4244 apud

238 4261 409 4319 Aeschinem
427 4257 517 4313 estin
536 4259 664 4314 oratione
683 4259 852 4316 Timarchea
870 4266 886 4326 s
907 4260 964 4316 183.

327 4348 348 4416 ⁶)
384 4345 456 4415 Plut,
477 4344 525 4400 Sol
544 4346 586 4401 20.
