3142 4950
717 339 757 404 37

169 549 277 636 κρίνου
299 550 338 616 ἐκ
359 547 482 628 πόλεως
504 549 583 635 μετὰ
604 548 713 634 κυρίου
732 546 928 634 Ἀρτυμάχου
946 541 1159 635 Ἀριστάρχου·
1187 554 1345 634 πρατῆρες

169 653 365 741 Δημοκρίνης
387 652 573 740 Δηρονίκου,
596 650 768 739 Δημόνικος
791 650 942 737 Θεόφρυν
956 651 1142 739 Δημονίκου.

126 757 164 821 In
196 756 355 841 Myconiis
388 756 429 822 de
463 755 592 822 collatis
630 754 760 821 dotibus
798 756 919 821 tabulis
933 755 956 837 ¹)
993 756 1088 821 tertio
1123 757 1170 822 οὒ
1213 755 1343 821 saeculo

127 858 282 926 confectis
305 880 377 926 cum
399 865 569 943 argentum
591 859 768 944 reperimus
791 864 858 922 tum
880 878 933 925 res
955 860 1100 943 mobiles,
1123 879 1258 942 quarum
1281 879 1345 924 non

128 963 233 1029 minus
259 962 413 1030 videlicet
443 962 582 1048 pretium
614 962 739 1028 restitui
771 981 905 1028 necesse
934 968 992 1028 est.
1047 964 1146 1028 Velut
1177 962 1343 1028 Sostratus

126 1066 247 1133 archon
270 1065 419 1132 Xanthae
441 1065 529 1131 filiae
551 1065 584 1129 in
606 1064 715 1131 dotem
736 1065 795 1130 ΜΟ
825 1064 996 1131 drachmas
1018 1064 1076 1130 dat
1098 1071 1131 1131 et
1151 1066 1345 1131 vestimenta

126 1189 211 1252 quae
227 1168 437 1236 ducentarum
453 1175 611 1235 constant.
647 1167 754 1233 Fundi
769 1188 897 1252 quoque
918 1168 1012 1235 nobis
1027 1176 1208 1235 occurrunt.
1236 1169 1343 1236 Otesio

126 1271 257 1355 quidem
289 1272 377 1338 filiae
397 1273 638 1356 Hermoxenae,
682 1292 754 1338 cum
786 1274 890 1338 nubat
920 1271 1133 1357 Hieronidae,
1172 1270 1344 1338 drachmas

126 1376 251 1442 confert
271 1375 361 1441 MDO
384 1381 417 1441 et
439 1375 568 1441 domum
591 1380 624 1440 et
645 1374 782 1441 ancillas
805 1374 898 1442 duas.
947 1373 1045 1442 Soror
1076 1382 1183 1441 autem
1205 1375 1344 1442 Tharsa-

124 1498 225 1562 gorae
257 1478 386 1545 nomine
418 1478 597 1562 Panthalis‚
634 1497 719 1561 quae
752 1480 930 1545 collocatur
962 1480 1115 1564 Pyrraco,
1148 1478 1278 1544 domum
1310 1478 1344 1542 in

124 1581 234 1648 dotem
257 1601 298 1646 ea
319 1580 508 1647 condicione
531 1580 651 1665 accipit
684 1587 718 1646 ut
750 1582 842 1647 fratri
874 1582 937 1666 ipsi
965 1601 1007 1646 ne
1028 1581 1149 1647 viventi
1171 1581 1342 1647 adimatur.

125 1685 203 1751 Cum
220 1684 358 1769 pretium
373 1684 594 1750 aedificiorum
610 1684 825 1769 condicatur,
849 1704 905 1750 eas
921 1685 1109 1750 abalienare
1125 1684 1343 1767 intellegimus

126 1809 191 1854 non
213 1788 312 1853 licere
325 1787 359 1867 ²).
402 1787 527 1853 Eadem
549 1788 675 1854 ratione
697 1787 793 1871 servi,
815 1788 842 1852 si
864 1787 1003 1872 pretium
1026 1807 1134 1853 eorum
1156 1788 1267 1853 morbo
1289 1788 1343 1853 vel

126 1898 291 1958 senectute
303 1897 353 1957 est
364 1891 528 1974 minutum,
552 1892 791 1974 qualescunque
802 1890 897 1956 reddi
909 1890 1068 1987 videntur,
1080 1910 1151 1955 cum
1163 1890 1345 1956 Barrilleau

125 2017 146 2080 p
171 1996 231 2061 167
265 1994 381 2060 Gaium
404 2001 532 2061 secutus
555 2002 588 2060 ct
609 1995 783 2079 Ulpianum
810 1995 921 2078 utique
944 2001 1075 2061 censeat
1096 1993 1193 2060 haec:
1217 1993 1273 2077 „Si
1295 1994 1344 2058 les

129 2099 221 2164 effeto
243 2099 408 2164 mobiliers
440 2098 562 2163 c'taient
595 2097 709 2164 choses
742 2098 920 2181 fongibles‚
954 2099 985 2164 le
1013 2098 1094 2162 mari
1123 2118 1163 2163 en
1192 2096 1345 2162 devenait

125 2201 348 2287 proprietaire,
371 2200 463 2285 qu'ils
478 2201 602 2266 fussent
624 2221 665 2267 ou
687 2221 752 2266 non
773 2201 913 2266 estimes.
956 2202 986 2267 Il
1000 2201 1345 2287 pouvaitconsommcr

126 2325 166 2370 ou
188 2303 313 2369 alienet
342 2303 461 2369 durant
487 2305 519 2369 le
547 2305 702 2388 mariage,
732 2306 808 2371 ala
831 2304 951 2388 charge
978 2304 1022 2370 du
1044 2304 1159 2369 rendre
1182 2306 1202 2368 a
1223 2304 1257 2368 la
1280 2302 1342 2368 dis-

130 2407 269 2473 solution
292 2407 323 2471 le
358 2406 430 2492 prix
464 2405 505 2471 de
527 2407 740 2493 l'estimation,
769 2428 811 2473 ou
830 2408 915 2492 hicn,
944 2407 1100 2474 adefaut
1121 2406 1345 2491 d'estimation‚

127 2512 230 2576 meme
262 2511 417 2596 occulito,
451 2511 574 2594 qualite
606 2518 639 2576 et
670 2512 792 2577 valeur.
846 2511 894 2577 Le
923 2511 1007 2578 droit
1035 2512 1076 2577 de
1106 2513 1139 2577 la
1167 2511 1284 2576 femme
1306 2529 1341 2576 se

127 2613 352 2681 convertIssait
374 2634 414 2680 en
436 2635 500 2680 une
515 2618 652 2680 creance
674 2614 784 2681 dotale
801 2621 833 2680 et
854 2616 917 2681 l'on
939 2615 1122 2701 appliquait
1146 2615 1195 2681 les
1222 2616 1342 2680 memes

125 2720 231 2802 regies
254 2736 317 2800 que
339 2718 366 2783 si
388 2719 422 2783 la
450 2717 507 2784 dot
529 2721 583 2783 eht
612 2719 752 2785 consiste
775 2739 816 2783 en
845 2720 990 2802 argent‘.
1041 2718 1182 2804 Callippi
1204 2737 1257 2783 res
1279 2737 1343 2782 non

125 2819 303 2888 omittenda
326 2826 390 2886 est:
412 2821 441 2886 is
456 2821 695 2888 Aristolocham
716 2821 818 2887 filiam
841 2820 989 2887 archonti
1008 2822 1155 2888 Sostrate
1179 2821 1343 2886 collocans

126 2945 198 2991 eum
227 2923 260 2989 in
294 2923 402 2990 dotem
424 2925 504 2987 XIV
537 2925 628 2992 milia
661 2925 888 2990 drachmarum
921 2924 1076 3008 conferat,
1110 2944 1168 2990 sex
1201 2929 1234 2989 et
1267 2944 1343 3006 qua-

125 3027 313 3110 dringentas
342 3026 435 3092 addit
462 3047 577 3094 usuras
606 3050 627 3094 a
649 3028 796 3095 Sostrato
820 3034 972 3113 acceptas
984 3027 1018 3113 8).
1063 3027 1138 3094 Otto
1160 3025 1286 3091 Ludens
1308 3026 1342 3091 in

123 3131 264 3196 Hermae
296 3129 384 3195 VIII.
417 3130 579 3195 volumine
610 3131 740 3215 Myconi
773 3150 794 3195 a
827 3149 946 3213 genero
987 3149 1115 3215 semper
1151 3135 1272 3195 certam
1310 3136 1342 3195 et

125 3233 304 3317 legitimam
332 3251 464 3297 usuram
497 3232 581 3298 dotis
615 3252 728 3299 socero
758 3233 923 3299 existimat
956 3231 1065 3298 reddi:
1098 3239 1134 3297 at
1160 3231 1342 3298 Barrilleau

125 3337 235 3422 p174
255 3354 371 3402 usuras
401 3355 460 3420 per
492 3356 587 3402 omne
619 3336 817 3402 matrimonii
848 3343 975 3423 tempus
1009 3337 1174 3402 exsolutas
1206 3335 1343 3420 cogitari

124 3461 188 3506 non
211 3460 306 3525 posse
329 3439 537 3506 demonstrat.
582 3441 672 3506 Duas
693 3440 763 3525 ipse
778 3440 956 3506 sententias
978 3440 1082 3524 affert,
1105 3459 1241 3523 quarum
1255 3438 1343 3523 prior

126 3541 215 3608 haud
228 3541 361 3608 difficile
376 3544 547 3627 probatur:
571 3542 683 3609 deberi
699 3543 849 3629 Callippo
871 3544 936 3608 iam
951 3550 1049 3610 antea
1064 3564 1085 3609 a
1102 3543 1249 3610 Sostrato
1263 3542 1343 3607 XIV

215 3853 234 3922 ¹)
269 3852 333 3907 Bull
360 3852 395 3908 de
425 3868 491 3908 corr
517 3853 572 3908 hell
599 3853 647 3924 VI,
682 3853 734 3909 590
761 3879 794 3900 =
820 3854 939 3909 Hermes
971 3854 1047 3924 VIII,
1075 3855 1122 3908 191
1153 3876 1183 3900 --
1214 3852 1340 3924 Dittenh,

126 3939 185 4011 Syll
203 3940 315 4097 l³)62c1ir
331 4026 386 4096 Ulp
404 4028 467 4082 LX
486 4028 599 4098 §roig
618 4028 653 4082 de
670 4028 685 4082 1
703 4027 754 4083 dot
771 4029 814 4098 23,
832 4028 864 4082 3:
894 4028 942 4098 „Si
953 4028 1078 4098 praediis
1091 4028 1278 4083 InaestImatis
1290 4028 1340 4082 ali·

124 4115 191 4184 quid
218 4114 349 4182 accessit,
375 4113 430 4168 hoc
457 4116 494 4170 ad
517 4114 713 4184 compendium
736 4116 862 4170 mulieris
885 4117 1017 4185 pertinet,
1041 4116 1066 4168 si
1083 4115 1190 4184 aliquid
1208 4115 1340 4184 decessit,

124 4202 247 4257 mulieris
266 4201 395 4255 damnum
414 4203 484 4256 est.“

212 4289 233 4358 ⁸)
270 4284 395 4342 ἀπέδωκε
419 4292 449 4341 δὲ
470 4293 518 4343 καί
539 4294 713 4359 τετρακοσίας
736 4292 765 4354 ἓξ
790 4290 835 4342 τὸν
857 4290 937 4343 τόκον
962 4289 992 4342 ὃν
1018 4286 1099 4356 ἔλαβε
1121 4290 1194 4357 παραὶ
1218 4288 1338 4357 Σωστρά-

126 4394 172 4429 του
191 4378 224 4443 vd
242 4381 340 4444 προικί.
