3142 4950
236 515 430 581 feminarum
452 535 580 600 semper
595 514 731 580 marium
746 515 918 600 progenies
933 515 1140 598 antecedit¹).
1163 517 1276 583 Matris
1290 517 1456 583 hereditas

236 619 301 685 iam
315 619 404 704 apud
416 625 542 685 veteres
554 624 776 683 controversa:
797 617 910 685 Theon
922 618 1051 701 quidem
1064 620 1086 702 ²)
1098 619 1191 686 dicit:
1208 613 1456 707 ἀμφισβητήσειε

234 718 295 807 γὰρ
318 719 356 787 ἂν
382 723 438 786 καὶ
458 715 479 808 ἡ
503 719 617 808 μήτηρ,
651 714 692 797 ὡς
721 721 748 785 εἰ
779 718 851 798 τούς
883 722 960 807 πρὸς
992 721 1108 808 μητρὸς
1135 720 1228 808 νόμος
1249 722 1457 809 κληρονομεῖν

233 823 335 907 καλεῖ,
368 823 448 889 πολὺ
475 821 626 909 πρότερον
653 822 751 909 αὐτὴν
777 822 834 909 τήν
867 824 987 910 μητέρα
1008 825 1134 911 καλοίη.
1177 827 1229 890 Ex
1249 826 1327 892 viris
1350 826 1456 891 doctis

235 926 349 994 horum
363 935 543 1014 temporum
560 930 741 1013 quicunqne
757 934 893 995 matrem
907 928 1016 993 vocari
1031 928 1065 993 in
1080 927 1295 995 hereditatem
1310 935 1453 1012 censent,

235 1032 375 1097 maxime
396 1033 419 1097 ii
442 1032 579 1099 laudant
599 1032 685 1098 Isaei
708 1039 779 1098 orat
801 1032 851 1096 XI
872 1035 892 1112 ξ
914 1032 966 1116 30,
989 1032 1044 1097 ubi
1071 1038 1145 1115 post
1172 1031 1289 1098 fratres
1310 1033 1456 1098 uterinos

234 1140 338 1200 mater
367 1135 552 1220 appellatur
563 1134 596 1217 ³).
651 1135 836 1201 Darestium
869 1154 995 1219 sequor,
1029 1134 1082 1199 cui
1113 1134 1278 1200 hereditas
1309 1135 1456 1220 parentis

234 1257 417 1323 repugnare
448 1237 597 1324 primitus
629 1236 757 1303 videtur
788 1236 978 1303 hereditatis
1017 1237 1169 1323 propriae
1209 1237 1347 1317 notioni,
1380 1259 1454 1304 cum

234 1341 426 1426 praesertim
448 1341 547 1407 etiam
568 1341 664 1406 matri
692 1339 768 1407 dote
797 1342 840 1407 sit
864 1347 1081 1427 prospectum.
1131 1340 1303 1407 Oratorem
1325 1340 1456 1407 demum

234 1445 432 1529 temporibus
460 1445 567 1529 ipsam
599 1449 735 1509 matrem
764 1444 943 1511 existimari
971 1465 1035 1510 non
1057 1443 1305 1537 excludendam,
1334 1446 1455 1531 quippe

235 1547 327 1612 cuius
354 1548 525 1632 progenies
559 1547 601 1612 ad
637 1546 850 1613 hereditatem
881 1547 1001 1614 veniat.
1050 1548 1203 1613 Attamen
1231 1567 1292 1613 neo
1319 1554 1455 1614 matrem

234 1669 338 1732 neque
361 1656 493 1735 patrem
526 1650 637 1716 vocari
668 1650 732 1717 nisi
764 1657 839 1736 post
870 1650 1058 1737 progeniem
1090 1670 1182 1715 suam
1211 1657 1244 1715 et
1268 1651 1394 1716 virilem
1423 1658 1456 1717 et

235 1753 409 1819 femineam
431 1753 509 1818 mihi
531 1754 600 1820 veri
614 1753 721 1819 simile
731 1754 765 1836 ⁴).
803 1755 882 1820 Cum
903 1752 1094 1819 tantundem
1116 1774 1181 1819 una
1196 1773 1286 1819 soror
1300 1761 1455 1837 quantum

239 1855 413 1922 defunctae
449 1857 582 1922 alterius
619 1856 705 1922 filius
746 1856 889 1942 accipiat
900 1856 937 1939 ⁶),
974 1862 1008 1921 et
1048 1857 1177 1922 Bunsen
1215 1876 1386 1942 perperam
1423 1864 1456 1923 et

237 1958 430 2043 DesJ'ardins
451 1959 552 2025 filium
575 1965 607 2025 et
628 1965 764 2025 matrem
787 1980 880 2025 suam
901 1960 1116 2044 superstitem,
1138 1960 1166 2026 si
1188 1959 1352 2026 hereditas
1381 1960 1456 2026 huic

238 2084 259 2128 a
281 2063 526 2130 collateralibus
548 2063 705 2147 obtingat,
727 2062 800 2147 pari
821 2063 891 2128 iure
913 2082 985 2128 esse
1008 2068 1150 2129 censent.
1178 2104 1219 2114 —
1247 2063 1283 2128 Si
1305 2064 1360 2146 qui
1382 2085 1456 2129 oum

238 2166 389 2232 defuncto
413 2166 471 2231 alii
491 2186 551 2252 per
573 2166 642 2232 eius
664 2171 802 2251 patrem,
831 2166 888 2231 alii
909 2186 969 2251 per
990 2172 1126 2232 matrem
1154 2165 1338 2248 cohaerent,
1365 2167 1456 2232 illie

233 2270 308 2352 lege
329 2268 439 2334 Attica
466 2288 578 2335 omnes
609 2267 806 2334 antecedunt
837 2268 1010 2351 usquead
1039 2269 1302 2335 consobrinorum
1323 2269 1455 2353 fihcs⁰l,

237 2378 306 2438 tum
327 2391 428 2454 usquc
461 2370 503 2437 ad
538 2371 676 2437 eundem
704 2370 841 2456 gradum
869 2369 903 2436 hi
931 2378 1106 2455 sequuntur
1118 2372 1152 2453 ⁷).
1196 2373 1294 2437 Recte
1316 2372 1455 2437 Dareste

235 2474 390 2542 discernit
412 2469 592 2561 ἀγχιστείαν
614 2482 647 2541 et
660 2476 877 2541 Romanorum
892 2476 1110 2559 agnationem,
1133 2495 1205 2541 oum
1219 2473 1301 2540 haec
1314 2474 1455 2560 patriam

235 2585 429 2665 potestatem
452 2587 625 2644 consecuta
646 2577 733 2642 virili
754 2579 860 2643 solum
888 2578 989 2664 stirpe
1019 2583 1153 2644 constet.
1203 2578 1298 2645 Velut
1319 2576 1455 2644 Athenis

234 2682 320 2748 filius
342 2682 471 2766 sororis,
494 2682 549 2765 qui
571 2688 728 2765 cognatus
749 2682 873 2747 Romae
895 2681 1022 2766 dicitur,
1051 2680 1145 2747 heres
1164 2687 1239 2747 ante
1266 2680 1325 2746 filii
1351 2680 1453 2746 filium

236 2792 391 2871 agnatum
410 2792 469 2851 est.

321 2923 441 3006 Legem
464 2919 654 2989 Charondae
677 2926 759 2986 teste
770 2919 914 2988 Diodoro
930 2921 1017 3006 (XII,
1035 2921 1087 3004 15)
1108 2922 1248 3007 scripsit,
1269 2928 1304 2987 ut
1318 2922 1455 2988 tutelam

235 3027 431 3114 pupillorum
463 3026 635 3112 propinqui
666 3024 778 3091 matris
806 3031 971 3109 gererent:
1005 3045 1096 3109 quos,
1126 3044 1198 3090 cum
1225 3045 1289 3090 non
1311 3025 1344 3089 in
1366 3023 1456 3091 here·

235 3130 371 3197 ditatem
393 3136 595 3225 vocarentur,
619 3127 808 3213 dihgentius
829 3128 896 3194 illis
912 3147 985 3195 esse
1006 3134 1249 3215 prospecturos3
1271 3148 1323 3193 res
1346 3134 1455 3194 autem

236 3324 440 3333 ——u-

324 3456 345 3525 l)
380 3456 445 3510 Irae
467 3454 529 3523 VH,
552 3455 599 3509 20:
623 3461 730 3522 κρατεῖν
753 3458 783 3508 δὲ
805 3455 867 3518 τοὺς
893 3453 1008 3521 ἄρρενας
1024 3459 1073 3507 καί
1090 3455 1151 3518 τούς
1169 3458 1202 3506 ἐκ
1218 3454 1269 3507 τῶν
1287 3449 1412 3524 ἀρρένων,
1431 3459 1458 3508 οἳ

237 3544 271 3598 ἄν
289 3544 391 3596 ἐκτῶν
409 3537 495 3594 αὐτῶν
513 3541 568 3611 olm,
586 3540 638 3593 κᾶν
656 3545 726 3609 γένει
744 3536 874 3608 ἀπωτέρω
892 3541 1053 3608 τυγχάνωσιν
1070 3540 1152 3605 ὄντες.

322 3629 346 3697 ¹)
382 3629 526 3699 Progymn
545 3644 560 3682 c
582 3628 613 3682 13
632 3633 647 3692 5
667 3628 708 3681 10.

324 3717 345 3786 ⁸)
381 3715 488 3787 llayer,
515 3713 609 3769 Recht
633 3715 652 3768 d
676 3714 805 3769 Athener
826 3715 854 3769 Π
876 3719 890 3779 5
914 3714 965 3767 257
983 3731 1002 3783 p
1020 3714 1085 3787 4673
1104 3715 1227 3784 Bunsen,
1244 3715 1288 3768 De
1304 3714 1349 3768 iur
1366 3713 1456 3770 hered

235 3804 294 3861 Ath
320 3821 339 3875 p
366 3804 414 3874 393
441 3819 500 3858 van
523 3801 670 3872 Stegeren,
693 3804 737 3857 De
761 3803 864 3857 condio
892 3802 938 3857 civ
957 3801 1013 3856 fem
1031 3800 1126 3870 Athp
1150 3802 1211 3871 113;
1231 3800 1392 3871 Schneider,
1410 3804 1456 3857 De

235 3896 281 3948 iur
298 3891 385 3948 hered
403 3889 463 3945 Ath
480 3906 499 3959 p
526 3889 574 3960 233
598 3887 685 3958 (lans,
703 3890 763 3945 Das
785 3889 927 3946 Erhrecht
948 3890 970 3958 I,
988 3889 1053 3960 3723
1072 3888 1203 3957 Dareste,
1221 3888 1313 3943 Journ
1331 3889 1382 3943 des
1400 3906 1456 3944 sav

246 3981 310 4036 1874
326 3996 350 4136 P)
365 3978 494 4136 θῖλὸιιῐὶιγιι
513 4063 560 4119 for
576 4081 595 4133 p
613 4064 656 4117 60.

327 4154 348 4221 ⁵)
383 4154 447 4207 lsae
465 4151 529 4220 VH,
550 4150 581 4205 18
599 4154 629 4206 et
648 4150 687 4203 19.

327 4241 349 4310 ⁶)
385 4243 462 4306 μέχρι
480 4238 592 4304 ἀνεψιῶν
609 4242 722 4291 aulona:
741 4237 814 4292 Dem
832 4236 933 4306 XLIII,
951 4237 985 4289 27
990 4254 998 4306 3
1017 4237 1080 4291 Isae
1098 4236 1147 4305 XI,
1165 4235 1190 4289 9.

326 4328 348 4400 ⁶)
383 4327 455 4384 Dcm
473 4325 573 4395 XLIII,
591 4327 642 4398 513
666 4326 729 4381 Isae
748 4325 797 4395 XI,
818 4323 942 4395 113V11,
962 4323 1003 4378 22.
